1641 3011
331 193 379 240 1211

24 321 261 383 ranosexstiteriut,
282 312 412 389 ‘potiorem
431 323 613 389 eumdemque,
625 316 688 377 ,tarn

24 411 112 471 aetate,
135 425 210 473 quam
230 402 345 458 doctrina
364 400 537 458 reiterabisem
557 401 687 458 commen-

25 506 98 554 daret.
134 499 215 563 Quem
232 496 355 545 srducem
368 486 545 557 sequerentur,
565 494 688 563 fieri-non

23 583 102 656 posse,
130 585 192 646 quin
221 580 406 647 temporalibus
417 568 586 644 vaeternisque
597 577 686 631 'bonis

2 726 4 730 y
25 668 193 729 abundarent,
216 669 252 718 sm
268 667 350 723 idola,
369 666 455 714 omnia
471 662 685 718 secus'ererrttrr·a.

24 756 121 826 Quibus
139 754 279 823 probandis
298 752 391 811 tristia,
415 769 478 817 quae
495 743 577 818 nuper
595 756 688 820 aposta-

23 856 61 894 tae
77 843 201 893 subierint
217 838 371 898 salinenses,
397 837 448 888 sata
468 841 582 905 exempla
598 843 689 900 attulit,

23 929 113 980 fimisia
129 930 175 987 iis,
194 926 211 975 11
230 928 258 976 111
276 915 361 993 pravis
380 926 432 975 suis
450 926 561 975 consiliis
578 924 691 994 perstite-

24 1020 88 1075 rint,
105 1018 224 1064 minatus.
261 1018 343 1081 Quem
364 1014 483 1079 deinceps
501 1005 568 1063 Otho
583 1018 689 1081 excepit,

24 1105 53 1152 ab
75 1101 226 1151 instantibus
249 1101 307 1167 ipsis
329 1089 484 1166 pentecostes
507 1099 574 1148 sestis
597 1100 688 1150 diebus

23 1187 193 1238 concionandi
217 1189 350 1256 materiem
370 1195 465 1251 petens.
512 1188 581 1234 Nam
602 1176 691 1245 nauita,

22 1278 62 1325 uti
72 1267 249 1332 coiasaererat,
270 1271 374 1330 diserte,
393 1273 423 1321 de
436 1273 546 1338 Spiritus
560 1275 644 1322 Sancti
662 1276 691 1323 in

24 1379 81 1418 eos,
99 1362 144 1424 qui
165 1361 211 1424 ipsi
231 1378 284 1407 non
301 1370 490 1424 oppugnarent,
508 1358 634 1425 propensa
647 1351 692 1408 vo-

23 1450 120 1496 luntate
136 1447 217 1510 deque
233 1446 377 1493 animorum
388 1443 483 1509 ingessit
494 1435 693 1495 innnor'tasitate¹

25 1537 94 1599 Quae
124 1548 206 1596 quum
235 1532 322 1596 negari
350 1519 417 1578 non
433 1527 530 1597 posset‚
568 1533 693 1596 queraris,

25 1620 119 1676 aiebat,
146 1617 266 1666 suturam
288 1618 365 1666 issum
380 1616 434 1664 'sibi
458 1615 527 1663 diem
544 1618 582 1664 'ab
605 1610 694 1667 oculos

24 1721 120 1770 pouere
137 1704 243 1759 debere,
268 1719 332 1767 quo,
355 1718 404 1767 pro
425 1699 513 1760 sactis,
537 1691 636 1761 vitam,¹
654 1705 697 1752 uel

25 1802 148 1847 mortem,
166 1789 310 1838 mercedem
326 1799 473 1853 accepturus
486 1788 521 1836 sn.
556 1778 604 1857 Sed
614 1777 696 1852 quum

25 1877 105 1926 morti
127 1877 176 1925 aiio
197 1878 270 1925 nusso
293 1861 384 1932 modo,
412 1892 439 1922 ao
460 1891 506 1940 per
528 1874 648 1925 sinceram
666 1880 695 1926 in

27 1962 157 2012 Christum
186 1960 277 2019 fidem,
316 1961 476 2009 evadendum
502 1960 547 2019 sit,
582 1963 628 2011 hac
651 1965 695 2029 tp-

28 2048 53 2097 sa
84 2049 134 2095 iam
168 2065 259 2113 corpus
293 2037 459 2112 animumque
486 2049 593 2097 interitu
613 2054 696 2117 'expe-

28 2135 106 2185 diant
152 2135 252 2202 Quibus
277 2121 370 2183 auditis
396 2151 476 2199 quum
499 2126 597 2184 ethnici
618 2124 697 2187 sacer-

29 2220 100 2269 dotes
118 2221 243 2279 multum,
263 2222 378 2284 quaestus
394 2220 486 2278 caussa,
507 2214 695 2289 appugnarent,

30 2307 134 2355 demum
151 2317 274 2372 utroque,
293 2318 317 2355 et
333 2309 453 2374 principe
469 2319 493 2357 et
509 2308 626 2375 episcopo
639 2326 697 2375 per-

30 2392 164 2452 suadente,
182 2405 284 2444 eatenus
300 2392 448 2465 merismu,
467 2407 508 2463 ut,
526 2398 642 2445 nolentes
653 2413 711 2446 vo-¹

30 2480 125 2536 lentes,
149 2481 217 2547 apud
237 2480 366 2532 Christum
385 2483 493 2531 nomina
509 2474 698 2549 profiterentur.

31 2566 172 2616 Primatum
188 2568 317 2635 imprimis
329 2566 467 2633 plerique,
486 2569 527 2618 bis
543 2569 603 2635 ipsis
621 2569 699 2616 comi-

32 2652 130 2699 tiorum
145 2651 252 2714 diebus,
270 2655 300 2703 ab
319 2653 437 2719 episeopo
454 2653 523 2703 docti
541 2664 565 2712 et
577 2653 701 2719 baptizati

32 2735 98 2793 sunt,
112 2748 136 2785 et
150 2737 256 2801 quidem
269 2740 389 2800 Ratibor,
406 2741 554 2789 Wratissavi
565 2740 638 2790 ducis
651 2739 702 2789 sra-

33 2831 84 2882 ter,
107 2824 260 2882 bsitzsarus,
286 2843 369 2876 comes
389 2827 609 2895 Grrraegoriensis,
628 2827 703 2878 nobi·

510 2940 511 2943 *
542 2919 555 2963 1
