1641 3011
415 112 446 158 92

97 239 213 288 ''ventami
223 254 288 287 1111
301 238 355 287 suis
371 239 473 288 obuiam
488 237 547 289 ibat.
587 242 676 306 Neque
693 241 759 290 Otho

97 327 153 376 ullo
163 324 282 391 piissimae
298 324 468 375 observantiae
485 341 575 389 genere
589 330 619 378 ab
633 328 676 377 illa
687 326 760 392 supe-

98 414 150 462 rari
164 412 188 460 se
203 410 284 477 passus
301 412 335 461 est
345 412 383 475 87).
422 416 468 462 Per
487 412 597 477 integras
614 416 652 464 ibi
668 413 762 479 septem

98 499 270 548 hebdomades
281 509 333 547 tam
344 499 446 558 liberis,
464 514 539 563 quam
554 497 645 549 adultis
657 500 762 549 catechi-

98 583 185 634 zandis
203 584 413 652 baptizandisque
429 585 527 634 vacavit
541 594 565 632 et
579 594 648 633 tanta
659 577 763 652 quidem

99 671 180 718 animi
196 673 360 737 corporisque
380 672 554 728 contentione,
566 678 597 718 ,ut
611 668 708 744 saepius
721 688 762 722 ve-

99 756 145 819 stes
161 757 280 807 babuerit
294 757 385 806 sudore
401 757 530 807 madentes
545 756 583 819 38).
622 759 691 806 Inter
703 760 763 807 lraec

99 842 153 908 ipse
177 843 240 901 dux,
270 845 326 906 qui,
355 843 387 890 ob
408 844 594 907 rempublicam
619 844 763 902 curandam,

99 928 220 986 Camino,
251 928 298 976 ubi
322 927 457 985 residebat,
492 927 651 992 aliquamdiu
677 926 764 977 abfue-

97 1022 149 1071 rat,
175 1013 305 1072 reversus,
335 1030 393 1062 cum
413 1030 491 1062 uxore
514 1013 634 1080 singulari
654 1011 765 1078 quodam

97 1098 176 1147 modo
198 1101 227 1148 in
242 1099 399 1148 observando
416 1099 517 1168 Othone
536 1100 651 1148 certabat.
691 1102 762 1157 „Nos

98 1182 160 1250 ipsi,
185 1201 265 1249 quum
285 1186 399 1250 primum
424 1186 453 1235 in
474 1185 586 1252 episcopi
605 1186 763 1252 amplexibus

97 1271 226 1327 haereret,
249 1281 274 1317 et
293 1273 391 1330 omnia,
419 1272 466 1329 ait,
494 1272 589 1330 nostra,
615 1272 655 1319 tui
668 1271 763 1329 sumus,

96 1343 169 1404 utere
187 1352 249 1403 sicut
266 1355 306 1404 vis
316 1355 374 1417 89).“
424 1356 536 1406 Clericos
555 1366 651 1415 autern,
685 1357 763 1408 Otho·

96 1484 249 1496 ...annu-u-

98 1564 136 1603 der
154 1563 233 1614 heiliga
249 1560 399 1618 Christeutumb
418 1564 441 1602 in
459 1562 497 1603 das
517 1562 701 1618 ungldebsehelige
720 1564 765 1604 lant

98 1637 177 1675 theme.
193 1634 294 1675 Kantzow
308 1647 354 1688 pag.
368 1635 400 1685 96.

153 1711 186 1760 87)
199 1708 251 1749 Χ[1111
269 1711 307 1750 hat
319 1707 373 1764 ficlz‘
382 1710 402 1749 S.
420 1709 467 1749 Otto
488 1723 529 1763 gar
550 1710 643 1762 1111111ῑὶ1ν
656 1707 765 1763 gegeufie

97 1784 210 1838 gelraltem
224 1786 266 1823 und
277 1786 315 1824 tar
325 1783 370 1838 fich
385 1785 475 1824 arteman
484 1785 558 1839 seiner
569 1784 712 1838 frommicher't
721 1784 766 1823 hat-

97 1863 136 1899 aar
150 1859 192 1897 und
207 1858 296 1898 erbaren
309 1856 392 1913 Wesens
402 1860 540 1898 vermundert.
552 1857 652 1897 Kantrow
667 1857 710 1896 eod¹
723 1858 762 1897 loc.

151 1935 185 1980 88)
200 1932 338 1984 „Episcopum
352 1931 452 1980 nostrum,
474 1932 523 1971 licet
538 1932 588 1971 solos
602 1944 668 1971 mares
687 1944 762 1982 pueros

48 1997 50 2000 ’
98 2009 197 2059 tingeret,
214 2006 372 2059 saepenumero
391 2005 496 2045 sudantem
510 2005 635 2059 aspeximus,
651 2005 701 2045 adeo
715 2019 763 2058 pro-

98 2081 162 2127 iecto,
186 2089 209 2118 ut
232 2080 277 2119 alba
297 2080 341 2119 eius
361 2080 384 2118 ab
407 2078 498 2117 humeris
515 2092 579 2131 usque
597 2079 622 2117 ad
640 2078 764 2119 umbilicum

98 2164 146 2195 ante
163 2160 182 2191 et
199 2160 253 2191 retro
272 2153 345 2193 sudore
364 2160 463 2192 manaret.
491 2151 556 2205 Saepe
574 2152 637 2191 etiarn
649 2153 711 2207 ipsius
725 2146 765 2194 mi-

91 2228 176 2270 nisterii
189 2227 308 2279 nimietate,
326 2227 384 2267 brevi
402 2224 485 2266 sessione
504 2229 556 2267 vires
573 2240 705 2280 recuperans,
720 2242 765 2268 mo-

98 2305 208 2355 dicumque
230 2292 318 2341 sedendo
337 2300 447 2353 respirans,
471 2300 526 2353 quasi
548 2300 650 2341 animosus
669 2310 765 2354 operator

96 2389 117 2419 et
131 2379 234 2426 brennus,
255 2376 321 2414 denuo
335 2375 355 2413 se
369 2374 484 2415 sublevabat
497 2375 521 2413 in
533 2373 589 2414 idem
604 2389 654 2429 opus
668 2375 705 2415 sibi
719 2376 763 2415 dul-

96 2450 208 2500 1111111111,
230 2449 304 2502 gratias
323 2462 382 2502 agens
401 2447 540 2503 omnipotenti
557 2447 615 2498 Deo,
631 2449 687 2502 ,quod
699 2450 761 2504 ipsius

29 2529 30 2532 ’
95 2525 208 2579 praestante
222 2523 343 2574 clementia,
357 2532 387 2565 tot
400 2523 517 2577 manipulos
531 2523 610 2563 ineius
624 2523 699 2564 horrea
714 2539 762 2566 cum

95 2600 167 2640 sudore
186 2612 208 2638 ae
227 2597 342 2639 lassitudine
362 2598 396 2638 sua
419 2598 564 2651 congereretfi
590 2597 651 2639 Andr.
670 2599 761 2640 Gretseri

97 2674 150 2726 apud
163 2674 246 2714 Surium
260 2673 287 2723 II,
304 2686 333 2725 ¹9·
348 2686 393 2727 pag.
409 2682 440 2723 57.

129 2778 130 2782 ,
151 2750 185 2796 39)
198 2747 267 2794 idem,
280 2748 319 2787 loc.
334 2748 389 2787 laud.
403 2758 447 2800 pag.
463 2755 494 2798 53.
