1641 3011
388 102 433 148 122

89 243 91 246 ·
142 229 222 284 Tum,
240 238 269 273 ut
282 225 408 291 sperabat,
425 226 468 285 sat,
485 229 678 281 incredibilibus
690 230 741 280 suis

77 311 223 384 laboribus,
246 313 275 359 iu
292 322 347 361 tuto
363 313 490 362 collocatis
510 320 641 377 omnibus,
665 319 741 365 celeri

77 415 124 465 per
145 398 278 447 Poloniam
304 409 328 447 et
348 400 497 449 Bohenriam
511 401 603 452 itinere
619 403 741 460 instituto,

76 485 186 534 domum
202 485 324 537 ,reversus
345 486 391 546 est,
414 488 443 535 in
464 484 521 552 ipsis
542 487 664 552 paschatis
684 489 744 538 antri
816 532 819 552 ,

78 575 186 621 ctacxxv
207 570 378 631 solemnibus,
406 572 502 632 aluis,
526 575 584 638 qui,
602 576 743 639 paschalem
817 554 820 574 ἓ

77 659 219 725 hymnum:
237 658 345 718 „vetusti
357 658 559 709 desiderabilisl“
574 660 741 717 decantantes,

81 747 185 795 obviam
205 747 316 801 iverant,
340 745 397 802 „uti
413 745 476 795 solet
492 745 538 795 effe
552 748 580 795 in
597 748 660 796 caris
676 763 745 794 mor-

79 834 131 882 tuis
165 830 314 881 resuscitatis
328 829 405 890 ἰ54),“
433 832 496 879 laete
524 844 648 898 exceptus.
697 829 745 882 Sed

80 918 186 984 vixdum
207 915 260 963 sere
276 915 419 964 innumeris
438 916 475 964 ibi
494 918 536 981 pie
553 935 566 964 a
583 918 607 965 se
625 918 745 966 institutis

81 1003 199 1052 curandis
215 1013 299 1049 totum
316 1000 403 1047 rursus
418 1000 443 1046 se
455 999 571 1058 dederat,
590 1017 670 1064 quum
684 1002 747 1047 novi

81 1091 146 1148 iam,
163 1099 193 1137 ut
208 1086 280 1135 alteri
293 1085 322 1134 iu
333 1086 508 1134 Pomeraniatn
524 1086 650 1141 itinerise
664 1086 746 1133 accin-

82 1193 141 1242 gere
162 1171 304 1229 festinaret,
328 1169 480 1235 flagitantes,
505 1189 517 1219 e
534 1174 640 1221 Polonia
656 1173 762 1219 nuncii·

82 1260 150 1309 allati
166 1257 231 1306 sunt.
266 1259 332 1306 Nam
350 1257 427 1304 brevi
444 1256 498 1321 post
515 1259 572 1315 eius
589 1258 747 1323 aprovineia

82 1340 227 1398 discessum,
254 1351 431 1406 praepotentes
449 1342 580 1389 idolorum
599 1342 746 1398 sacerdotes,

81 1427 238 1482 Christianae
264 1425 455 1492 superstitioni,
493 1443 573 1491 quum
601 1426 748 1493 praesertim

81 1518 157 1583 largis
173 1532 214 1563 eos
232 1512 358 1562 reditibus
370 1512 411 1574 155)
429 1512 480 1561 suis
499 1513 611 1572 orbaret,
629 1514 748 1578 implaca-

83 1604 135 1651 bile
156 1603 304 1656 irascentes,
328 1598 415 1646 dirunt
434 1600 463 1646 in
480 1598 633 1648 Christianos
651 1601 748 1647 tumul-

84 1700 140 1738 tum
159 1684 337 1735 consciverant.
378 1684 489 1733 Caeteris
508 1693 591 1731 autern
607 1683 747 1732 salinenses

83 1773 198 1839 Triglavi
213 1780 237 1818 et
249 1767 397 1818 Sedinenses
416 1768 615 1817 dominabantur
629 1768 746 1826 ministri,

83 1876 146 1925 quos
173 1856 205 1906 ad
231 1854 381 1903 seditionem
401 1852 483 1903 facem
505 1852 675 1920 praeferentes
694 1865 747 1902 tru-

84 1965 122 1997 ces
148 1942 320 2008 antesignanos
345 1958 405 1992 nrox
431 1941 540 1991 insecuti
562 1940 621 1990 sunt
646 1941 745 2005 reliqui.

83 2074 233 2086 m

138 2150 182 2200 154)
197 2146 258 2187 Andr.
273 2146 362 2187 Gretser.
376 2159 407 2199 ap.
422 2144 467 2186 Sur.
481 2145 511 2195 H,
525 2155 557 2197 45.
572 2160 590 2198 p.
605 2145 636 2184 oo.

120 2225 180 2275 iffi)
200 2220 314 2270 sacrificia,
338 2233 399 2274 quae,
419 2220 492 2271 (antea)
512 2220 592 2273 copioso
612 2227 709 2271 apparatu
729 2226 748 2256 ct

81 2299 168 2347 divitiis,
182 2293 320 2336 sacerdotibus
334 2294 425 2346 sanisque
437 2294 540 2333 idolorum
555 2292 646 2332 exhibita
659 2291 747 2339 fuerant,

81 2388 137 2415 nnnc
159 2370 254 2412 eeclesiae
274 2367 348 2408 Christi
369 2368 529 2409 vindicabantur.
566 2367 627 2407 Unde
650 2365 748 2405 commoti

81 2448 192 2490 sacerdotes
214 2453 234 2485 ot
252 2445 332 2497 prioris
345 2457 431 2502 pompae
451 2444 540 2484 delicias
554 2442 646 2494 quotidie
654 2439 698 2494 sibi
713 2441 747 2480 dc·

81 2536 172 2564 crescere
182 2521 284 2566 videntes,
300 2503 426 2560 occasionem
437 2516 568 2570 quaerebant,
579 2522 602 2552 ut
611 2515 711 2567 populum
723 2515 747 2553 ad

81 2595 228 2645 idololatriam,
251 2593 346 2650 quaestus
366 2593 405 2647 sui
425 2593 510 2644 gratia,
534 2592 680 2629 revocarent.“
713 2588 747 2628 Sic

83 2669 127 2707 fere
149 2669 210 2708 Andr.
235 2668 287 2722 apud
306 2668 351 2707 Sur.
372 2667 409 2714 ill,
431 2678 447 2703 1.
466 2678 511 2718 pag.
532 2663 563 2702 60.
602 2662 632 2704 Cs.
655 2660 747 2717 Hasstlb.

85 2741 195 2796 Sendscbr.
209 2753 253 2792 pag.
270 2754 314 2781 rou,
