1641 3011
345 134 390 182 133

36 279 82 327 ret,
100 277 124 316 et
138 255 205 327 posse
220 256 273 315 esse,
292 271 315 309 et
328 256 426 306 debere.
461 261 516 327 Quo
529 258 634 324 quidem
644 259 699 309 sen-

36 356 65 404 sn
81 351 164 418 ipsum
178 345 312 395 Mitzsaum
330 344 464 402 comitem,
487 362 563 408 quem
578 345 699 395 Usedomi

38 442 68 489 ab
86 451 114 483 eo
134 431 289 497 baptizatum
307 429 429 494 legimns,
448 429 484 479 ,sic
507 432 632 479 allocutus
649 430 699 481 fer-

34 518 142 580 tur18⁰):
165 523 222 578 „Tu
241 537 279 577 es,
309 514 348 564 fili
369 516 499 575 carissime,
531 535 589 566 vera
607 517 698 568 domus

33 605 96 662 Dei;
113 605 209 671 tuipse
226 604 304 652 hodie
321 601 444 667 dicandus
461 603 661 653 etrdedicandus'
672 622 697 653 es

34 691 204 755 omnipotenti
219 694 288 745 Dec,
312 691 418 737 creatori
434 701 492 747 tuo,
515 701 556 748 nt,
573 692 698 740 immunis

34 775 64 823 ab
81 774 151 823 omni
167 777 250 823 alieno
263 771 407 839 possessore,
425 773 503 839 ipsms
516 786 615 823 tantum
627 794 698 825 man-

32 861 67 910 sto
83 859 126 909 fias
138 873 212 924 atque
223 858 338 925 possessio.
373 862 433 908 Non
446 877 504 925 ergo
517 860 642 926 impedias
656 861 698 909 de-

33 946 185 996 dicationem
204 957 287 1004 tnam,
318 944 356 995 sili
373 946 495 995 carissime.
536 947 612 997 Nihil
629 948 699 996 enim

32 1032 144 1100 prodest,
162 1034 247 1091 istam,
266 1051 343 1099 quam
354 1035 443 1091 cernis,
462 1034 568 1083 domum
579 1031 643 1091 soris
655 1033 697 1098 de-

32 1120 124 1178 dicari,
143 1119 188 1189 nifi
203 1124 278 1167 etiam
298 1120 426 1170 dedicatio
443 1114 498 1188 ipsa
513 1122 548 1166 ad
565 1121 648 1168 cordis
662 1123 698 1182 tagi

12 1211 15 1214 ’
24 1201 256 1276 sanctificationem
289 1201 436 1273 pr⁴ofieiat.“
488 1207 538 1254 Cui
565 1206 698 1254 Mintaus:

32 1296 81 1351 „Et
94 1290 157 1355 qnid
175 1290 221 1348 est,
244 1301 316 1356 pater
328 1289 423 1349 sancto,
443 1291 511 1356 quod
520 1309 561 1339 me
569 1277 645 1340 iubes
661 1290 698 1339 fa·-

34 1395 102 1435 cere‚
127 1389 157 1425 ut
178 1377 302 1426 dedicatio
324 1378 368 1424 ista
394 1379 422 1424 in
444 1394 485 1424 me
506 1379 698 1442 cornpseatur2“

32 1463 175 1528 Respondit
197 1464 252 1512 isse:
282 1468 334 1522 „Ex
357 1474 439 1528 parte,
465 1460 517 1519 sili,
533 1463 633 1512 ,domus
649 1465 700 1512 Dei

32 1546 79 1597 esse
102 1550 218 1615 coepisti,
243 1547 295 1607 sac,
318 1559 346 1597 nt
364 1566 393 1597 ex
408 1560 462 1597 toto
481 1548 517 1597 sis.
560 1554 612 1598 Iam
629 1551 700 1598 enim

31 1636 204 1684 idololatriam
228 1633 278 1683 fide
304 1636 474 1691 commutasti,
502 1636 625 1700 baptismi
646 1653 699 1700 gra

31 1724 93 1769 tiam
117 1721 273 1769 consecutus.
319 1723 398 1769 Nunc
419 1720 546 1785 sequitur,
571 1731 600 1769 ut
622 1719 701 1770 fidem

32 1808 153 1874 operibus
183 1790 300 1864 exornes,
335 1808 492 1871 impietates,
521 1805 699 1872 oppressiones,

32 1895 145 1958 rapinas,
168 1892 308 1948 homicidia
326 1902 350 1939 et
364 1889 466 1940 frondes
478 1894 581 1956 penitus
594 1892 699 1943 devites.

32 1977 160 2028 Postremo
183 1976 307 2042 quicquid
328 1977 377 2025 tibi
393 1974 450 2026 fieri
465 1976 495 2024 ab
515 1979 564 2027 asio
582 1981 701 2039 nonnis,

32 2058 128 2114 aliine
150 2062 247 2112 seceris.
294 2065 428 2127 Captivos,
458 2080 520 2128 qnos
539 2065 631 2125 habes,
660 2067 702 2115 ab·

32 2150 102 2198 solve
113 2160 201 2198 omnes
207 2169 213 2209 ;
232 2149 321 2213 quodsi
333 2166 386 2197 raon
400 2167 495 2207 onmes,
513 2151 554 2199 ves
571 2168 613 2200 eos
628 2141 701 2212 certe,

34 2237 79 2302 qui
91 2236 228 2286 Christiani
240 2234 306 2290 sunt,
319 2246 377 2284 tuae
390 2234 451 2285 fidei
464 2236 617 2287 cons'ortes.“
635 2244 703 2290 Turn

35 2339 118 2371 comes
143 2321 279 2370 haesitans:
308 2321 486 2381 „Admodmn,
519 2325 611 2384 aiebat,
637 2327 704 2393 mihi

35 2408 110 2474 grave
126 2409 171 2469 est,
193 2403 274 2475 pater,
298 2406 427 2457 dimittere
449 2427 551 2470 omnes,
575 2415 635 2476 qnia
651 2431 704 2462 ma-

36 2496 92 2560 gnis
109 2497 253 2544 rationibus
274 2512 301 2541 ac
321 2494 420 2542 debitis
434 2498 538 2560 qnidam
552 2517 581 2547 ex
593 2501 625 2547 iis
638 2493 705 2547 misai

39 2581 211 2631 detinerrtur.“
245 2580 397 2647 Episcopus:
423 2584 533 2641 „Debita
549 2602 595 2649 pro
612 2584 704 2634 debitis

37 2705 190 2716 annu-u...-

94 2780 138 2826 180)
154 2775 216 2815 nnat.
233 2778 298 2818 Grets.
315 2779 373 2831 apud.
389 2780 432 2819 Sur.
447 2778 483 2828 ΙΙΙ,
502 2792 531 2820 11.
546 2794 565 2833 p.
581 2780 613 2832 64.
