1641 3011
357 139 402 188 103

47 281 70 320 et
81 265 184 322 Boranti
195 261 244 327 ¹0⁶).
279 267 395 335 Quorum
410 262 540 330 postquam
557 263 711 318 desiderium
765 317 766 320 ,

46 353 173 426 explesset,
191 369 297 417 paucos,
315 362 345 400 ut
356 350 469 416 penitius
481 351 637 402 Christianae
650 352 712 406 fidet

44 446 218 499 initiarentur,
236 436 347 507 apud'se
361 436 413 487 dies
427 449 552 498 retentos,
571 440 635 489 albis
649 438 710 489 seri-

46 532 80 580 cis
92 524 246 593 insuperque
258 525 382 576 deauratis
393 523 498 573 indutos
511 526 632 587 vestibus,
645 526 710 576 libe-

44 614 130 664 rah'ter
144 612 262 672 donatos,
280 612 388 660 domum
398 611 507 660 reduxit.
531 616 597 662 Tum
608 614 710 679 lachry-

42 716 115 748 mans
126 711 217 759 mater,
235 715 295 766 prae
305 698 397 763 gaudio
410 696 464 745 fere
476 696 517 745 sui
527 714 580 747 non
594 717 707 766 compos,

41 783 490 852 inlraeeprorupisseverbanarratur
500 781 556 847 '1⁰7):
564 786 706 843 „Benedico

40 883 78 932 te,
95 874 207 923 Domine
217 872 274 922 Iesu
286 871 499 928 Christe‚.omnis
512 870 566 937 spei
582 882 606 920 et
620 872 707 921 conso-

40 960 143 1009 lationis
165 971 265 1018 auctor‚
284 959 354 1025 quod
370 956 438 1007 fittos
453 974 537 1016 meos,
561 961 612 1008 tuis
628 959 707 1008 sacra-

40 1048 132 1095 mentis
150 1047 264 1095 imbutos
281 1056 391 1110 tuaeque
409 1041 471 1093 fidei
487 1046 593 1094 veritate
610 1045 705 1112 aspicio

38 1134 183 1182 illustratos.
215 1134 268 1182 Scis
284 1132 367 1189 eninr,
383 1133 505 1187 Domine,
523 1132 593 1194 quod
604 1133 660 1192 hos,
677 1135 707 1184 in

38 1219 131 1268 secreto
161 1219 272 1283 pectoris
300 1217 366 1274 mei,
394 1226 452 1263 tuae
477 1215 635 1266 miserationi
661 1236 707 1284 per

37 1306 134 1354 multos
151 1320 229 1353 annos
247 1302 425 1351 commendare
445 1319 499 1350 non
518 1300 644 1363 cesserim,
662 1321 706 1371 pe-

38 1402 107 1449 tens,
132 1400 162 1438 ut
183 1390 230 1438 laos
251 1405 293 1437 eos
316 1387 423 1445 faceres,
447 1404 510 1452 quos
532 1387 642 1439 fecistis*
675 1394 707 1440 Et

38 1475 70 1524 ad
91 1475 219 1524 Othonem
239 1473 372 1523 conversa:
400 1474 584 1533 „berredictus,
611 1476 706 1539 inquit,

38 1563 160 1611 introitus
177 1572 236 1610 tuus
254 1561 517 1620 inhumanitatem,
535 1560 707 1610 reverendissi-

37 1665 79 1697 me
91 1659 168 1715 pater.
203 1648 319 1696 Multum
331 1647 401 1695 enim
410 1648 551 1713 populum,
569 1657 614 1695 tua
623 1647 707 1714 perse-

37 1735 165 1792 verantia,
183 1733 298 1782 Domino
315 1732 358 1782 hic
375 1733 452 1781 habes
468 1734 605 1798 acquirere,
644 1736 707 1783 Non

38 1833 62 1870 te
78 1821 167 1870 dilatio
184 1817 278 1885 fatiget,
312 1822 351 1866 En
366 1835 411 1883 ego
425 1819 491 1883 ipsa,
510 1836 573 1883 quae
587 1829 707 1868 coramto

38 1907 114 1965 adsto,
131 1907 182 1955 Dei
193 1905 376 1970 omnipotentis
388 1903 516 1953 adiutorio
529 1915 553 1953 et
566 1908 613 1964 tui,
626 1916 705 1971 pater,

38 1993 171 2051 animatus,
185 1990 333 2058 praesentia,
349 1989 392 2055 sed
403 2000 428 2038 et
438 1992 578 2059 pignorum
588 2007 707 2040 meorum

38 2079 103 2130 freta
112 2077 235 2137 subsidio,
251 2076 418 2130 Christianam
429 2096 470 2128 me
482 2076 618 2138 confiteor,
637 2077 707 2144 quod

38 2167 161 2216 haetenus
172 2181 225 2215 non
238 2164 388 2215 audebam.“
399 2193 432 2199 -
447 2169 479 2214 Et
491 2163 602 2214 constitit
613 2167 641 2215 in
652 2165 707 2215 sen-

38 2254 125 2302 tentia.
159 2254 227 2302 Nam
244 2262 268 2299 et
284 2251 337 2317 ipsa
352 2254 441 2301 multis
453 2252 562 2301 verbum
576 2252 705 2318 praediea-

40 2342 92 2401 vit,
119 2356 173 2389 non
193 2337 277 2388 solum
294 2337 450 2397 domesticis,
473 2337 516 2388 sed
534 2348 558 2387 et
572 2339 666 2393 vicinis
683 2350 708 2387 et

40 2423 210 2475 familiaribus
222 2424 287 2484 suis,
304 2426 366 2476 viris
379 2437 403 2473 et
417 2423 529 2485 seminis,
548 2427 706 2478 annuncians

95 2634 140 2683 106)
155 2635 254 2674 Kantion
268 2647 285 2686 p.
303 2645 346 2685 104.

97 2711 142 2759 1⁰7)
159 2708 221 2749 Andr.
237 2708 301 2749 Grett,
315 2708 368 2761 apud
383 2708 427 2751 Sur,
442 2709 469 2760 ΙΙ,
483 2722 514 2758 27.
529 2722 546 2761 p.
562 2719 593 2759 54.
