1641 3011
326 200 369 256 131

19 356 55 395 125
75 323 246 401 comparente,
269 352 328 383 eum
344 332 474 401 episcopo,
504 350 581 398 quem
597 334 682 384 [ecum

20 433 137 499 princeps
147 420 298 483 adduxerat,
321 419 346 470 [e
365 420 566 481 coniunxerunt,
583 423 682 470 11111111-

20 519 53 566 tis
64 507 162 559 viribus
173 508 275 557 tandem
284 516 308 553 et
315 502 504 581 Holggastenses
516 503 547 552 ad
554 505 683 558 Christum

20 593 192 669 profitendum
204 593 362 644 adduxerint.
376 592 377 595 ’
396 593 488 654 Neque
498 591 548 640 hoc
559 594 614 644 loco
626 596 683 645 ido-

19 689 103 741 lorum
120 679 185 732 fanis
202 679 351 748 parcebant,
370 679 509 743 quominus
523 678 577 728 [olo
594 698 684 748 aequa-

20 759 89 828 rent?
110 768 266 824 Christiano,
283 781 330 831 pro
346 764 412 823 illis,
433 766 529 830 templo
544 766 682 818 aedificato.

20 856 69 908 Cui
84 859 204 906 Ioannem
222 851 359 918 quemdam
376 850 531 902 sacerdotem
545 853 613 903 Otho
623 853 686 904 defi-

19 944 112 1009 gnavit.
147 945 215 989 Tum
239 934 416 1009 Grcassm'nnnz,
434 939 607 998 Demnziuum,
631 942 685 989 Lu·

18 1032 101 1079 ticizrm
115 1027 154 1089 175)
176 1036 200 1074 et
221 1023 409 1089 Trttbetoazjam
422 1022 475 1087 175),
499 1027 544 1090 qui
564 1027 609 1075 itta
629 1027 685 1076 loca

19 1122 209 1169 converterent,
237 1109 327 1161 midde
349 1121 473 1159 narratur.
521 1115 590 1179 Quos
615 1115 685 1163 etin

19 1202 99 1270 ipsam
114 1199 276 1266 Megapolin,
293 1212 376 1261 usque
391 1195 422 1245 ad
433 1196 601 1262 Stargardiam
613 1208 687 1264 atque

20 1287 181 1339 Gustroviam
199 1285 290 1342 urbes,
319 1281 459 1350 progreffos
480 1281 527 1332 effe
548 1286 687 1334 memoriae

19 1372 153 1441 proditum
168 1371 201 1421 est
212 1372 261 1434 ¹77).

22 1495 23 1498 =
82 1463 151 1509 Inter
162 1458 224 1507 haec
237 1456 288 1505 dux
300 1457 421 1513 Polonus,
435 1457 590 1516 Pomeranis,
609 1457 687 1523 quod,

20 1563 68 1596 nec
81 1545 182 1603 divina,
198 1559 281 1608 neque
292 1542 405 1591 humana
417 1543 474 1591 iura
486 1554 615 1603 curantes,
634 1544 689 1594 foe-

21 1632 201 1689 determino,
227 1630 327 1678 absente
341 1628 457 1686 Othone,
476 1646 489 1676 a
505 1626 556 1677 fide
569 1630 688 1681 descivis-

21 1719 89 1777 sent,
113 1714 362 1783 gravite1·irascenS‚
384 1724 429 1772 ut,
447 1713 532 1764 denuo
549 1732 592 1764 eos
604 1716 690 1765 debel-

21 1801 113 1860 lando,
137 1799 277 1866 superbum
292 1798 450 1847 sacerdotum
461 1801 600 1864 imperium
616 1803 690 1867 peni.

21 1900 63 1938 tus
76 1887 202 1944 aboleret,
219 1886 317 1934 bellum
329 1885 476 1933 accinxerat.
512 1886 587 1953 Quod
598 1889 645 1947 uti,
663 1889 689 1937 se

21 1971 224 2036 interponendo,
253 1979 434 2028 anteverteret,
457 1968 612 2036 flagitantes,
639 1985 690 2022 tre·
751 1985 754 1994 ¹

22 2057 80 2124 pidi
101 2056 217 2120 undique
238 2054 269 2103 ad
284 2055 413 2104 Othonem
434 2048 604 2108 accurrebant.
643 2063 691 2110 Per

24 2160 100 2209 quem
116 2142 207 2199 brevi,
231 2140 302 2204 quod
321 2142 461 2208 petierant,
484 2143 586 2211 adepti,
610 2163 692 2212 quum

23 2227 210 2296 pacificatorem
227 2225 422 2291 magnificarent
443 2230 558 2290 liberati,
586 2233 631 2281 ille
649 2233 691 2280 de-

24 2326 139 2382 precatus
151 2312 247 2372 fertur,
271 2312 351 2372 „dum
366 2316 404 2364 nil
415 2318 515 2366 meritis
532 2317 584 2368 suis
595 2318 692 2368 tribue-

25 2413 76 2459 ret,
93 2412 163 2451 tanto
181 2399 206 2448 se
218 2400 385 2449 humiliorem
401 2403 471 2468 apud
479 2407 565 2453 Deum
574 2414 598 2453 et
609 2405 694 2455 homi·

26 2527 178 2539 *a

80 2622 125 2672 175)
140 2621 208 2665 Loita.

81 2695 127 2746 176)
144 2695 272 2753 Tribbesees‚
285 2699 317 2739 vel
332 2698 426 2755 Treptow
440 2715 469 2742 aa
483 2702 520 2742 der
534 2701 633 2760 Tollense.
644 2703 670 2756 (Ρ)

79 2771 125 2823 177)
141 2769 227 2813 Cramer
241 2774 257 2823 Ι,
274 2782 305 2825 55.
