1641 3011
358 111 391 163 25,

35 263 166 319 perpauca
179 253 290 295 tantum
300 251 323 297 et
346 240 401 291 fere
416 242 489 292 nulla
503 240 578 291 raobis
602 239 714 306 dicenda„

44 339 172 388 videntur,
187 347 266 395 quum
278 329 376 378 animus
387 346 447 378 vere
459 345 546 378 recens
558 338 640 395 natus,
659 329 713 387 cui,-

44 420 164 483 sanctiori
175 428 200 466 et
213 416 443 483 quod-plerisque,
454 432 517 480 quos
530 414 632 475 dicunt,
650 420 712 483 poe·
748 449 751 452 r

45 513 77 560 tis
89 505 236 556 Christianis
253 523 305 553 non
322 503 358 552 sat
375 502 447 551 cordi
463 498 510 548 else
521 499 636 559 videtur,
654 498 713 551 lonss

45 613 74 662 gc
92 592 214 659 penitiori
230 591 321 647 modo,
343 606 419 653 quam
434 588 465 636 de
477 585 595 644 Phoebo,
612 588 659 637 fibi
670 591 712 639 in.

46 679 190 738 cumbenti,
208 679 280 728 iactat
293 687 380 746 poeta,
404 672 519 726 Christus
535 671 668 734 incubuit,
686 688 713 726 et

47 768 161 834 corporis
180 747 305 815 terrenam
315 764 448 813 materiem
460 759 627 834 secumquasr
642 764 713 811 coelo

46 856 160 914 inducit,
175 864 205 903 ut
214 871 285 913 vere,
304 851 397 916 dequo
407 847 502 898 Paulus
516 848 646 911 loquitur,
665 848 715 915 spi··

46 946 111 993 ritus
127 941 204 991 soracti
220 938 264 989 fiat
279 939 418 1004 templum:
453 936 521 983 Nam
538 944 568 982 ut
586 932 716 984 flammam

47 1028 149 1084 fumus,
171 1026 271 1076 sursum
288 1039 380 1090 corpus
399 1021 515 1070 animum
532 1020 582 1069 hoc
593 1021 667 1071 sensu
679 1023 717 1072 se-

49 1125 140 1181 quatur
149 1111 247 1162 ‘necesse
265 1112 306 1161 est.
339 1109 473 1173 Denique,
490 1125 523 1156 ne
537 1108 595 1172 quis
609 1125 669 1166 nos,
686 1106 716 1159 in

48 1191 165 1251 aedificio
192 1196 376 1255 construendo,
409 1195 514 1244 biblicis
540 1192 727 1245 fundamentis¹

3 1265 5 1335 ἶ
48 1288 106 1339 usos
118 1285 261 1341 addubitet,
284 1283 414 1333 corollarii
425 1282 495 1341 loco,
519 1281 649 1345 quomodo
662 1283 717 1349 ipse

48 1375 141 1425 Paulus
157 1373 223 1422 hanc
241 1371 350 1419 nostram
368 1370 571 1433 qualemcunque
587 1368 670 1418 ideam
688 1371 717 1418 in

49 1461 187 1527 apostolatu
210 1454 367 1523 expresserit,
395 1464 520 1519 quantum
539 1451 596 1522 fieri
614 1459 718 1520 poterit,-

48 1546 169 1614 ipsilsmtis
184 1545 238 1592 eins
250 1542 345 1596 verbis,
363 1541 477 1588 breviter
486 1540 670 1590 declarabimus
678 1544 719 1605 13).r

113 1636 199 1700 Quum
208 1630 241 1677 iis
253 1625 406 1694 potissimum
418 1625 480 1673 baec
493 1626 525 1674 ad
536 1627 629 1691 optimi
640 1628 721 1678 Otlro-

48 1721 88 1769 nis
98 1719 178 1766 vitam
190 1716 371 1782 prolegomena
386 1712 539 1771 scribamus,
557 1730 634 1778 quos,
653 1715 722 1765 divi-

50 1824 84 1855 no
103 1803 265 1870 evangelium
283 1799 447 1867 praedicandi
463 1801 563 1866 impetu
582 1814 720 1869 correptos,

51 1910 123 1949 enm,
142 1907 217 1955 quem
229 1888 400 1954 praedicaturi
410 1885 481 1942 sunt,
499 1886 629 1935 Christum
641 1888 721 1944 salva-¹

51 1988 147 2033 torem,
165 1972 233 2023 nosse
246 1982 368 2038 oporteat,
387 1988 518 2037 quumque
531 1972 577 2035 qui
590 1971 722 2036 Christum

52 2063 152 2117 norint,
170 2060 217 2108 sabi
234 2058 292 2125 ipsas
311 2044 387 2124 plane
404 2059 488 2124 ignoti
499 2055 545 2105 esse
557 2075 610 2107 non
623 2060 722 2125 possint,

54 2147 123 2215 quod
138 2148 159 2196 is
174 2138 293 2203 demum,
312 2146 357 2210 qni
373 2144 409 2204 se,
428 2146 532 2194 detectis
546 2146 643 2206 oculis,
663 2167 723 2215 pac.

56 2245 165 2285 catorem
186 2234 329 2290 invenerit,
360 2234 389 2280 in
412 2232 517 2290 Christi,
546 2235 723 2297 peecatoribus

109 2411 139 2459 15)
149 2406 222 2448 lnhac
238 2406 352 2462 quaestione
364 2405 439 2454 nostra,
458 2405 483 2444 de
499 2412 595 2456 externo,
615 2421 677 2460 quern
695 2408 724 2447 di-

57 2489 106 2522 cunt
118 2482 239 2530 formalem,
255 2480 339 2534 apostoli
354 2481 420 2528 cultu,
436 2479 516 2520 scilicet
534 2494 635 2533 quaenam
644 2483 726 2528 litterae

58 2553 190 2596 addiscendae
202 2557 241 2596 sint
252 2555 287 2595 rel.
299 2554 378 2593 nullam
394 2567 430 2593 nos
441 2555 570 2595 mentionem
580 2557 677 2604 iniicere,
692 2558 728 2610 qui

57 2631 111 2670 forte
122 2629 221 2680 miretur,
242 2645 288 2671 euin
305 2617 434 2669 admonitum
451 2630 544 2669 volumus
559 2644 596 2669 nos
610 2630 649 2671 boc
660 2645 729 2685 apere,

58 2714 81 2745 ut
99 2704 163 2744 animi
174 2711 255 2745 tantum
269 2706 372 2756 indolem,
390 2719 440 2761 quae
455 2718 512 2745 mere
522 2706 605 2746 interna
618 2707 655 2756 est,
666 2709 731 2749 insor-

52 2793 145 2821 «memus.
