1641 3011
357 154 386 207 95

40 288 183 356 superbiam
191 278 329 340 offendens,
343 282 415 331 ducis
425 300 506 333 arcem
519 283 704 350 ingrederetur,

40 371 157 425 coriceffit.
176 370 262 418 Talem
273 369 379 419 enimin
390 372 479 434 quavis
489 372 552 420 urbe
562 371 614 419 dux
621 389 704 421 arcem

39 463 187 511 exstructam
206 457 308 513 habuit,
334 471 410 518 quem
427 473 490 519 quae
511 456 655 523 excepillet,
679 460 704 506 ei
732 516 733 519 Ἰ

39 550 70 598 de
87 545 159 593 omni
174 543 341 594 barbarorum
356 539 449 592 adortu
462 540 548 592 securo
562 542 609 593 6116
619 546 702 594 licuit.

37 631 137 681 Postero
159 643 242 680 autem
264 622 363 684 mane,
382 627 526 693 postquam,
554 648 600 698 per
620 632 703 680 noctis

37 718 168 777 tenebras,
201 718 283 767 salvos
314 730 396 762 arcem
426 712 547 780 ingrellos
578 718 702 766 immanes

34 805 77 852 illi
97 803 200 870 superbi
219 810 370 849 mercatores
387 799 580 866 conspexillent,
605 805 701 851 iterum

35 908 156 957 magnum
180 898 295 936 exortum
319 886 353 935 est
380 898 404 935 et
427 899 498 937 atrox
523 888 701 953 spectaculum.

36 979 123 1034 Cives,
145 972 238 1022 vesano
256 970 344 1020 furore
362 975 486 1039 correpti,
505 984 611 1022 cruento
624 976 704 1040 agmi-

35 1081 67 1113 ne
90 1077 236 1117 accurrere,
269 1059 415 1117 clamitare,
445 1060 522 1108 morti
544 1059 701 1110 miserrimos

35 1147 187 1214 deposcere,
217 1145 348 1208 denique,
385 1145 515 1208 lapidibus
542 1144 702 1210 fustibusque

34 1243 107 1301 porta
123 1231 251 1297 disrupta,
274 1231 302 1278 111
320 1228 439 1277 cubicula
455 1231 568 1288 irruere,
585 1229 703 1295 spoliare,

35 1319 150 1375 caedere,
169 1318 255 1365 omnia
272 1325 432 1379 metuatque
449 1326 545 1364 terrore
558 1317 666 1381 implere
678 1328 704 1365 et

33 1402 228 1464 confundet-eat)
271 1406 338 1450 Tum
348 1402 485 1460 Paulicius,
504 1418 554 1464 quo
565 1401 659 1461 lenem,
678 1414 702 1451 at

32 1492 170 1539 immotum
181 1488 340 1550 hilaremque
346 1486 386 1548 95),
401 1497 544 1553 protegeret
551 1487 701 1552 apostolum,

32 1592 157 1624 unacum
174 1574 277 1621 caeteris
296 1571 392 1619 ducum
409 1573 511 1637 legatis,
529 1574 557 1620 in
571 1572 702 1622 furentem

31 1659 166 1727 prosiliens
187 1658 304 1724 plebem,
332 1656 474 1706 dementiae
495 1674 538 1705 eos
560 1658 701 1708 admonuit.

33 1749 90 1813 Quo
108 1743 215 1809 quidem
232 1753 324 1792 conatu
341 1742 369 1791 id
385 1743 488 1792 tandem
508 1741 603 1801 effecit,
626 1756 656 1793 ut
673 1763 703 1794 ex

31 1830 168 1881 moenibus
179 1829 291 1878 abeundi
303 1830 376 1893 copia
387 1830 420 1876 iis
432 1829 620 1880 concederetur.
653 1831 702 1881 Sed

32 1916 198 1965 abeuntibus:
216 1918 307 1980 Apage,
319 1911 432 1962 furentes
444 1915 642 1974 inclamitabant,
652 1925 699 1965 vos

31 2018 147 2058 morum,
169 2001 263 2066 patriae
279 2009 353 2063 atque
370 2002 487 2049 Deorum
504 2000 599 2050 hostes!
634 2005 700 2051 Iam-

32 2104 81 2152 que
92 2085 123 2134 ad
134 2087 260 2152 impetum
272 2084 420 2134 faciendum
428 2084 627 2151 procedentibus
638 2088 704 2145 iltis,

30 2173 168 2229 Paulicius,
186 2170 527 2236 11161161111101110111111111111,
544 2189 590 2237 per
605 2172 700 2221 lutosas

32 2256 195 2325 impavidum
210 2256 283 2307 urbis
299 2256 365 2316 vias,
390 2257 520 2307 11110111110
536 2267 635 2306 tantum
647 2275 700 2305 cae·

84 2490 117 2539 94)
133 2487 197 2531 Andr.
213 2485 278 2527 Gretl.
293 2483 346 2538 apud
361 2484 405 2525 Sur,
420 2485 446 2537 II,
460 2501 493 2539 25.
508 2501 551 2542 pag.
567 2498 598 2540 52.

84 2563 117 2611 95)
132 2563 212 2610 1,,Τ11110
230 2575 278 2600 vero
299 2559 417 2613 episcopus,
438 2561 498 2601 nobis
518 2563 562 2601 aliis
581 2561 700 2614 trepidanti-

31 2635 80 2683 bus,
95 2634 217 2685 quibusdam
232 2638 294 2677 etiam
308 2647 444 2689 praepavore
458 2635 643 2688 lachrymantibus,
655 2637 701 2690 spi-

32 2712 75 2750 ritu
89 2709 178 2747 iucundo
193 2720 213 2749 at
228 2712 294 2751 hilari
307 2711 366 2750 vultu
380 2709 453 2750 [1111111ι
469 2708 596 2749 0101110111.
610 2709 700 2750 Gratler.

32 2783 85 2838 apud
100 2782 144 2822 Sur.
159 2782 185 2832 11,
200 2795 230 2834 25.
246 2797 291 2837 pag.
307 2795 338 2835 52.
