<?xml version="1.0" encoding="UTF-8"?>
<!DOCTYPE html PUBLIC "-//W3C//DTD XHTML 1.0 Transitional//EN"
    "http://www.w3.org/TR/xhtml1/DTD/xhtml1-transitional.dtd">
<html xmlns="http://www.w3.org/1999/xhtml" xml:lang="en" lang="en">
 <head>
  <title>
</title>
<meta http-equiv="Content-Type" content="text/html;charset=utf-8" />
  <meta name='ocr-system' content='tesseract 3.04.00' />
  <meta name='ocr-capabilities' content='ocr_page ocr_carea ocr_par ocr_line ocrx_word'/>
</head>
<body>
  <div class='ocr_page' id='page_1' title='image "MN40367ucmf_1_0204.png"; bbox 0 0 1641 3011; ppageno 0'>
   <div class='ocr_carea' id='block_1_1' title="bbox 417 111 462 157">
    <p class='ocr_par' dir='ltr' id='par_1_1' title="bbox 417 111 462 157">
     <span class='ocr_line' id='line_1_1' title="bbox 417 111 462 157; baseline 0 -1"><span class='ocrx_word' id='word_1_1' title='bbox 417 111 462 157; x_wconf 77' lang='lat'>186</span> 
     </span>
    </p>
   </div>
   <div class='ocr_carea' id='block_1_2' title="bbox 50 230 786 2447">
    <p class='ocr_par' dir='ltr' id='par_1_2' title="bbox 50 230 786 2447">
     <span class='ocr_line' id='line_1_2' title="bbox 105 230 768 306; baseline 0.005 -22"><span class='ocrx_word' id='word_1_2' title='bbox 105 232 248 291; x_wconf 75' lang='lat' dir='ltr'>cordi&#39;erat,</span> <span class='ocrx_word' id='word_1_3' title='bbox 259 243 295 291; x_wconf 83' lang='lat' dir='ltr'>ut,</span> <span class='ocrx_word' id='word_1_4' title='bbox 308 251 340 282; x_wconf 89' lang='lat' dir='ltr'>ne</span> <span class='ocrx_word' id='word_1_5' title='bbox 349 231 480 300; x_wconf 73' lang='lat' dir='ltr'>prioribus</span> <span class='ocrx_word' id='word_1_6' title='bbox 492 235 554 286; x_wconf 75' lang='lat' dir='ltr'>libri</span> <span class='ocrx_word' id='word_1_7' title='bbox 565 238 662 306; x_wconf 75' lang='lat' dir='ltr'>paginis</span> <span class='ocrx_word' id='word_1_8' title='bbox 674 238 703 286; x_wconf 88' lang='lat' dir='ltr'>ab</span> <span class='ocrx_word' id='word_1_9' title='bbox 716 230 768 287; x_wconf 86' lang='lat' dir='ltr'>his·</span> 
     </span>
     <span class='ocr_line' id='line_1_3' title="bbox 105 319 769 384; baseline 0.005 -15"><span class='ocrx_word' id='word_1_10' title='bbox 105 337 132 369; x_wconf 86' lang='lat' dir='ltr'>ce</span> <span class='ocrx_word' id='word_1_11' title='bbox 145 319 262 368; x_wconf 84' lang='lat' dir='ltr'>sordibus</span> <span class='ocrx_word' id='word_1_12' title='bbox 276 321 350 384; x_wconf 83' lang='lat' dir='ltr'>plane</span> <span class='ocrx_word' id='word_1_13' title='bbox 362 320 530 377; x_wconf 81' lang='lat' dir='ltr'>immunibus,</span> <span class='ocrx_word' id='word_1_14' title='bbox 545 332 624 373; x_wconf 83' lang='lat' dir='ltr'>totam</span> <span class='ocrx_word' id='word_1_15' title='bbox 635 324 769 372; x_wconf 73' lang='lat' dir='ltr'>dimidiam</span> 
     </span>
     <span class='ocr_line' id='line_1_4' title="bbox 105 399 767 477; baseline 0.005 -21"><span class='ocrx_word' id='word_1_16' title='bbox 105 399 160 458; x_wconf 88' lang='lat' dir='ltr'>eius</span> <span class='ocrx_word' id='word_1_17' title='bbox 172 416 279 473; x_wconf 78' lang='lat' dir='ltr'>partem,</span> <span class='ocrx_word' id='word_1_18' title='bbox 291 424 304 455; x_wconf 94' lang='lat' dir='ltr'>a</span> <span class='ocrx_word' id='word_1_19' title='bbox 313 425 337 473; x_wconf 81' lang='lat' dir='ltr'>p.</span> <span class='ocrx_word' id='word_1_20' title='bbox 349 405 550 465; x_wconf 73' lang='lat' dir='ltr'>‘att-112,haic</span> <span class='ocrx_word' id='word_1_21' title='bbox 560 410 598 456; x_wconf 89' lang='lat' dir='ltr'>rei</span> <span class='ocrx_word' id='word_1_22' title='bbox 608 409 767 477; x_wconf 87' lang='lat' dir='ltr'>impenderit.</span> 
     </span>
     <span class='ocr_line' id='line_1_5' title="bbox 106 493 767 560; baseline 0.008 -21"><span class='ocrx_word' id='word_1_23' title='bbox 106 493 193 560; x_wconf 77' lang='lat' dir='ltr'>Qualis</span> <span class='ocrx_word' id='word_1_24' title='bbox 205 504 289 542; x_wconf 88' lang='lat' dir='ltr'>autern</span> <span class='ocrx_word' id='word_1_25' title='bbox 300 505 324 543; x_wconf 90' lang='lat' dir='ltr'>et</span> <span class='ocrx_word' id='word_1_26' title='bbox 336 511 411 559; x_wconf 85' lang='lat' dir='ltr'>quam</span> <span class='ocrx_word' id='word_1_27' title='bbox 421 493 557 558; x_wconf 84' lang='lat' dir='ltr'>impudens</span> <span class='ocrx_word' id='word_1_28' title='bbox 569 504 642 557; x_wconf 85' lang='lat' dir='ltr'>atque</span> <span class='ocrx_word' id='word_1_29' title='bbox 651 496 767 553; x_wconf 86' lang='lat' dir='ltr'>iniustus,</span> 
     </span>
     <span class='ocr_line' id='line_1_6' title="bbox 50 579 769 646; baseline 0.003 -19"><span class='ocrx_word' id='word_1_30' title='bbox 50 610 52 613; x_wconf 95' lang='lat'>-</span> <span class='ocrx_word' id='word_1_31' title='bbox 105 579 187 630; x_wconf 86' lang='lat' dir='ltr'>immo</span> <span class='ocrx_word' id='word_1_32' title='bbox 198 581 286 644; x_wconf 86' lang='lat' dir='ltr'>potius</span> <span class='ocrx_word' id='word_1_33' title='bbox 298 581 404 630; x_wconf 81' lang='lat' dir='ltr'>vesanus</span> <span class='ocrx_word' id='word_1_34' title='bbox 418 581 511 646; x_wconf 83' lang='lat' dir='ltr'>optimi</span> <span class='ocrx_word' id='word_1_35' title='bbox 521 579 599 627; x_wconf 82' lang='lat' dir='ltr'>nostri</span> <span class='ocrx_word' id='word_1_36' title='bbox 611 582 718 632; x_wconf 82' lang='lat' dir='ltr'>Lutheri</span> <span class='ocrx_word' id='word_1_37' title='bbox 729 599 769 630; x_wconf 66' lang='lat' dir='ltr'>en,</span> 
     </span>
     <span class='ocr_line' id='line_1_7' title="bbox 106 664 769 731; baseline 0.003 -16"><span class='ocrx_word' id='word_1_38' title='bbox 106 664 198 718; x_wconf 81' lang='lat' dir='ltr'>stiterit</span> <span class='ocrx_word' id='word_1_39' title='bbox 215 677 240 714; x_wconf 88' lang='lat' dir='ltr'>et</span> <span class='ocrx_word' id='word_1_40' title='bbox 255 665 457 725; x_wconf 71' lang='lat' dir='ltr'>reformationis,</span> <span class='ocrx_word' id='word_1_41' title='bbox 481 682 526 731; x_wconf 86' lang='lat' dir='ltr'>per</span> <span class='ocrx_word' id='word_1_42' title='bbox 551 665 670 712; x_wconf 72' lang='lat' dir='ltr'>(iitrinum</span> <span class='ocrx_word' id='word_1_43' title='bbox 687 668 769 716; x_wconf 51' lang='lat' dir='ltr'>homi-¹</span> 
     </span>
     <span class='ocr_line' id='line_1_8' title="bbox 106 751 770 819; baseline -0.002 -15"><span class='ocrx_word' id='word_1_44' title='bbox 106 767 167 804; x_wconf 81' lang='lat' dir='ltr'>nem</span> <span class='ocrx_word' id='word_1_45' title='bbox 179 751 256 801; x_wconf 82' lang='lat' dir='ltr'>illurn</span> <span class='ocrx_word' id='word_1_46' title='bbox 272 753 403 819; x_wconf 85' lang='lat' dir='ltr'>sociosque</span> <span class='ocrx_word' id='word_1_47' title='bbox 414 754 553 810; x_wconf 80' lang='lat' dir='ltr'>institutae,</span> <span class='ocrx_word' id='word_1_48' title='bbox 571 752 770 802; x_wconf 78' lang='lat' dir='ltr'>irreconciliabi-</span> 
     </span>
     <span class='ocr_line' id='line_1_9' title="bbox 107 836 771 903; baseline -0.002 -14"><span class='ocrx_word' id='word_1_49' title='bbox 107 838 140 890; x_wconf 85' lang='lat' dir='ltr'>lis</span> <span class='ocrx_word' id='word_1_50' title='bbox 156 839 294 897; x_wconf 75' lang='lat' dir='ltr'>inimieus,</span> <span class='ocrx_word' id='word_1_51' title='bbox 314 841 380 889; x_wconf 84' lang='lat' dir='ltr'>iuter</span> <span class='ocrx_word' id='word_1_52' title='bbox 396 850 517 896; x_wconf 84' lang='lat' dir='ltr'>caeteras,</span> <span class='ocrx_word' id='word_1_53' title='bbox 540 836 700 903; x_wconf 75' lang='lat' dir='ltr'>insequentes</span> <span class='ocrx_word' id='word_1_54' title='bbox 718 841 771 888; x_wconf 84' lang='lat' dir='ltr'>eius</span> 
     </span>
     <span class='ocr_line' id='line_1_10' title="bbox 107 924 772 985; baseline 0.003 -14"><span class='ocrx_word' id='word_1_55' title='bbox 107 924 245 974; x_wconf 84' lang='lat' dir='ltr'>sententiae</span> <span class='ocrx_word' id='word_1_56' title='bbox 263 926 444 975; x_wconf 84' lang='lat' dir='ltr'>demonstrent:</span> <span class='ocrx_word' id='word_1_57' title='bbox 468 929 562 985; x_wconf 81' lang='lat' dir='ltr'>„Nune</span> <span class='ocrx_word' id='word_1_58' title='bbox 578 925 772 973; x_wconf 78' lang='lat' dir='ltr'>Camurinuma</span> 
     </span>
     <span class='ocr_line' id='line_1_11' title="bbox 108 1009 772 1077; baseline -0.002 -17"><span class='ocrx_word' id='word_1_59' title='bbox 108 1009 297 1076; x_wconf 84' lang='lat' dir='ltr'>Westplralica,</span> <span class='ocrx_word' id='word_1_60' title='bbox 308 1013 346 1060; x_wconf 89' lang='lat' dir='ltr'>rei</span> <span class='ocrx_word' id='word_1_61' title='bbox 359 1012 493 1061; x_wconf 79' lang='lat' dir='ltr'>catholicae</span> <span class='ocrx_word' id='word_1_62' title='bbox 507 1011 626 1069; x_wconf 86' lang='lat' dir='ltr'>inimica,</span> <span class='ocrx_word' id='word_1_63' title='bbox 643 1028 704 1077; x_wconf 82' lang='lat' dir='ltr'>pace</span> <span class='ocrx_word' id='word_1_64' title='bbox 716 1012 772 1059; x_wconf 86' lang='lat' dir='ltr'>Ele-</span> 
     </span>
     <span class='ocr_line' id='line_1_12' title="bbox 109 1097 773 1164; baseline 0.002 -19"><span class='ocrx_word' id='word_1_65' title='bbox 109 1098 175 1146; x_wconf 83' lang='lat' dir='ltr'>ctori</span> <span class='ocrx_word' id='word_1_66' title='bbox 190 1097 414 1164; x_wconf 78' lang='lat' dir='ltr'>Brundenburgico</span> <span class='ocrx_word' id='word_1_67' title='bbox 432 1098 559 1146; x_wconf 83' lang='lat' dir='ltr'>tributum</span> <span class='ocrx_word' id='word_1_68' title='bbox 574 1097 680 1162; x_wconf 77' lang='lat' dir='ltr'>pendet,</span> <span class='ocrx_word' id='word_1_69' title='bbox 703 1097 773 1161; x_wconf 85' lang='lat' dir='ltr'>quod</span> 
     </span>
     <span class='ocr_line' id='line_1_13' title="bbox 111 1181 786 1255; baseline 0.001 -26"><span class='ocrx_word' id='word_1_70' title='bbox 111 1181 246 1246; x_wconf 82' lang='lat' dir='ltr'>quondam</span> <span class='ocrx_word' id='word_1_71' title='bbox 255 1182 416 1248; x_wconf 79' lang='lat' dir='ltr'>amplissimus</span> <span class='ocrx_word' id='word_1_72' title='bbox 433 1194 458 1232; x_wconf 87' lang='lat' dir='ltr'>et</span> <span class='ocrx_word' id='word_1_73' title='bbox 471 1182 633 1232; x_wconf 87' lang='lat' dir='ltr'>immediatus</span> <span class='ocrx_word' id='word_1_74' title='bbox 647 1181 786 1255; x_wconf 70' lang='lat' dir='ltr'>episcopa-¹</span> 
     </span>
     <span class='ocr_line' id='line_1_14' title="bbox 108 1267 774 1332; baseline -0.002 -16"><span class='ocrx_word' id='word_1_75' title='bbox 108 1278 151 1317; x_wconf 87' lang='lat' dir='ltr'>tus</span> <span class='ocrx_word' id='word_1_76' title='bbox 164 1267 229 1316; x_wconf 84' lang='lat' dir='ltr'>erat!</span> <span class='ocrx_word' id='word_1_77' title='bbox 253 1269 333 1318; x_wconf 88' lang='lat' dir='ltr'>Cuius</span> <span class='ocrx_word' id='word_1_78' title='bbox 349 1268 478 1332; x_wconf 84' lang='lat' dir='ltr'>spirituali</span> <span class='ocrx_word' id='word_1_79' title='bbox 487 1271 578 1316; x_wconf 84' lang='lat' dir='ltr'>ruinae</span> <span class='ocrx_word' id='word_1_80' title='bbox 589 1270 693 1316; x_wconf 86' lang='lat' dir='ltr'>initium</span> <span class='ocrx_word' id='word_1_81' title='bbox 705 1269 774 1316; x_wconf 86' lang='lat' dir='ltr'>dedit</span> 
     </span>
     <span class='ocr_line' id='line_1_15' title="bbox 108 1350 775 1419; baseline -0.001 -16"><span class='ocrx_word' id='word_1_82' title='bbox 108 1356 227 1403; x_wconf 86' lang='lat' dir='ltr'>Erasmus</span> <span class='ocrx_word' id='word_1_83' title='bbox 239 1350 391 1402; x_wconf 84' lang='lat' dir='ltr'>Manteuffel</span> <span class='ocrx_word' id='word_1_84' title='bbox 407 1353 437 1400; x_wconf 85' lang='lat' dir='ltr'>ab</span> <span class='ocrx_word' id='word_1_85' title='bbox 448 1353 610 1413; x_wconf 83' lang='lat' dir='ltr'>Arnhausen,</span> <span class='ocrx_word' id='word_1_86' title='bbox 628 1356 674 1419; x_wconf 89' lang='lat' dir='ltr'>qui</span> <span class='ocrx_word' id='word_1_87' title='bbox 691 1371 775 1402; x_wconf 73' lang='lat' dir='ltr'>avesa</span> 
     </span>
     <span class='ocr_line' id='line_1_16' title="bbox 108 1438 773 1505; baseline -0.002 -17"><span class='ocrx_word' id='word_1_88' title='bbox 108 1441 234 1505; x_wconf 82' lang='lat' dir='ltr'>religione</span> <span class='ocrx_word' id='word_1_89' title='bbox 253 1438 403 1498; x_wconf 83' lang='lat' dir='ltr'>deflectens,</span> <span class='ocrx_word' id='word_1_90' title='bbox 431 1440 600 1505; x_wconf 75' lang='lat' dir='ltr'>episcopalem</span> <span class='ocrx_word' id='word_1_91' title='bbox 617 1439 773 1505; x_wconf 79' lang='lat' dir='ltr'>dignitatern,</span> 
     </span>
     <span class='ocr_line' id='line_1_17' title="bbox 110 1523 774 1584; baseline -0.005 -8"><span class='ocrx_word' id='word_1_92' title='bbox 110 1523 250 1576; x_wconf 82' lang='lat' dir='ltr'>informem</span> <span class='ocrx_word' id='word_1_93' title='bbox 261 1526 369 1573; x_wconf 83' lang='lat' dir='ltr'>Lutheri</span> <span class='ocrx_word' id='word_1_94' title='bbox 381 1523 591 1574; x_wconf 72' lang='lat' dir='ltr'>reformationem</span> <span class='ocrx_word' id='word_1_95' title='bbox 605 1524 714 1584; x_wconf 83' lang='lat' dir='ltr'>secutus,</span> <span class='ocrx_word' id='word_1_96' title='bbox 733 1525 774 1573; x_wconf 88' lang='lat' dir='ltr'>de-</span> 
     </span>
     <span class='ocr_line' id='line_1_18' title="bbox 110 1608 774 1677; baseline 0 -18"><span class='ocrx_word' id='word_1_97' title='bbox 110 1609 227 1659; x_wconf 79' lang='lat' dir='ltr'>formasse</span> <span class='ocrx_word' id='word_1_98' title='bbox 249 1608 338 1657; x_wconf 78' lang='lat' dir='ltr'>fertur.</span> <span class='ocrx_word' id='word_1_99' title='bbox 377 1613 452 1658; x_wconf 84' lang='lat' dir='ltr'>Hunc</span> <span class='ocrx_word' id='word_1_100' title='bbox 475 1621 540 1658; x_wconf 84' lang='lat' dir='ltr'>certe</span> <span class='ocrx_word' id='word_1_101' title='bbox 561 1627 651 1677; x_wconf 80' lang='lat' dir='ltr'>agrum</span> <span class='ocrx_word' id='word_1_102' title='bbox 674 1610 774 1668; x_wconf 81' lang='lat' dir='ltr'>dixeris,</span> 
     </span>
     <span class='ocr_line' id='line_1_19' title="bbox 109 1693 774 1760; baseline 0 -16"><span class='ocrx_word' id='word_1_103' title='bbox 109 1697 138 1744; x_wconf 87' lang='lat' dir='ltr'>iu</span> <span class='ocrx_word' id='word_1_104' title='bbox 150 1711 201 1760; x_wconf 86' lang='lat' dir='ltr'>quo</span> <span class='ocrx_word' id='word_1_105' title='bbox 209 1697 230 1743; x_wconf 85' lang='lat' dir='ltr'>S.</span> <span class='ocrx_word' id='word_1_106' title='bbox 240 1697 299 1742; x_wconf 91' lang='lat' dir='ltr'>Otto</span> <span class='ocrx_word' id='word_1_107' title='bbox 310 1694 419 1757; x_wconf 82' lang='lat' dir='ltr'>agricola</span> <span class='ocrx_word' id='word_1_108' title='bbox 429 1693 564 1742; x_wconf 78' lang='lat' dir='ltr'>seminavit</span> <span class='ocrx_word' id='word_1_109' title='bbox 573 1695 673 1742; x_wconf 89' lang='lat' dir='ltr'>bonum</span> <span class='ocrx_word' id='word_1_110' title='bbox 682 1695 774 1757; x_wconf 82' lang='lat' dir='ltr'>s&#39;ernen.</span> 
     </span>
     <span class='ocr_line' id='line_1_20' title="bbox 111 1777 776 1833; baseline -0.006 -2"><span class='ocrx_word' id='word_1_111' title='bbox 111 1783 178 1831; x_wconf 89' lang='lat' dir='ltr'>Cum</span> <span class='ocrx_word' id='word_1_112' title='bbox 191 1788 274 1827; x_wconf 87' lang='lat' dir='ltr'>autem</span> <span class='ocrx_word' id='word_1_113' title='bbox 290 1779 334 1825; x_wconf 83' lang='lat' dir='ltr'>isle</span> <span class='ocrx_word' id='word_1_114' title='bbox 348 1777 484 1833; x_wconf 87' lang='lat' dir='ltr'>dormiret,</span> <span class='ocrx_word' id='word_1_115' title='bbox 502 1789 584 1826; x_wconf 86' lang='lat' dir='ltr'>morte</span> <span class='ocrx_word' id='word_1_116' title='bbox 595 1780 706 1827; x_wconf 84' lang='lat' dir='ltr'>naturali</span> <span class='ocrx_word' id='word_1_117' title='bbox 718 1779 776 1827; x_wconf 89' lang='lat' dir='ltr'>sub-</span> 
     </span>
     <span class='ocr_line' id='line_1_21' title="bbox 109 1864 782 1935; baseline -0.004 -19"><span class='ocrx_word' id='word_1_118' title='bbox 109 1867 183 1924; x_wconf 85' lang='lat' dir='ltr'>latus,</span> <span class='ocrx_word' id='word_1_119' title='bbox 199 1866 271 1914; x_wconf 89' lang='lat' dir='ltr'>venit</span> <span class='ocrx_word' id='word_1_120' title='bbox 284 1865 405 1912; x_wconf 86' lang='lat' dir='ltr'>inimicus</span> <span class='ocrx_word' id='word_1_121' title='bbox 418 1866 480 1920; x_wconf 83' lang='lat' dir='ltr'>eius,</span> <span class='ocrx_word' id='word_1_122' title='bbox 498 1864 563 1929; x_wconf 83' lang='lat' dir='ltr'>(post</span> <span class='ocrx_word' id='word_1_123' title='bbox 572 1874 694 1928; x_wconf 90' lang='lat' dir='ltr'>quaterna</span> <span class='ocrx_word' id='word_1_124' title='bbox 705 1865 782 1935; x_wconf 8' lang='lat' dir='ltr'>secu-‚¹</span> 
     </span>
     <span class='ocr_line' id='line_1_22' title="bbox 109 1949 776 2016; baseline -0.006 -13"><span class='ocrx_word' id='word_1_125' title='bbox 109 1954 134 2003; x_wconf 86' lang='lat' dir='ltr'>la</span> <span class='ocrx_word' id='word_1_126' title='bbox 144 1950 283 2013; x_wconf 82' lang='lat' dir='ltr'>Lutherus)</span> <span class='ocrx_word' id='word_1_127' title='bbox 300 1961 324 1997; x_wconf 88' lang='lat' dir='ltr'>et</span> <span class='ocrx_word' id='word_1_128' title='bbox 341 1949 552 2016; x_wconf 79' lang='lat' dir='ltr'>superseminavit</span> <span class='ocrx_word' id='word_1_129' title='bbox 567 1951 663 1999; x_wconf 77' lang='lat' dir='ltr'>zizania</span> <span class='ocrx_word' id='word_1_130' title='bbox 678 1951 706 1999; x_wconf 91' lang='lat' dir='ltr'>in</span> <span class='ocrx_word' id='word_1_131' title='bbox 724 1969 776 1999; x_wconf 90' lang='lat' dir='ltr'>me-</span> 
     </span>
     <span class='ocr_line' id='line_1_23' title="bbox 110 2036 776 2097; baseline -0.003 -9"><span class='ocrx_word' id='word_1_132' title='bbox 110 2039 154 2089; x_wconf 88' lang='lat' dir='ltr'>dio</span> <span class='ocrx_word' id='word_1_133' title='bbox 168 2039 255 2087; x_wconf 82' lang='lat' dir='ltr'>tritico</span> <span class='ocrx_word' id='word_1_134' title='bbox 271 2049 296 2085; x_wconf 89' lang='lat' dir='ltr'>et</span> <span class='ocrx_word' id='word_1_135' title='bbox 312 2037 375 2085; x_wconf 87' lang='lat' dir='ltr'>abiit</span> <span class='ocrx_word' id='word_1_136' title='bbox 390 2054 420 2085; x_wconf 78' lang='lat' dir='ltr'>ex</span> <span class='ocrx_word' id='word_1_137' title='bbox 436 2037 570 2085; x_wconf 77' lang='lat' dir='ltr'>residentia</span> <span class='ocrx_word' id='word_1_138' title='bbox 585 2036 776 2097; x_wconf 78' lang='lat' dir='ltr'>Marasseldenfi‚</span> 
     </span>
     <span class='ocr_line' id='line_1_24' title="bbox 111 2121 777 2193; baseline -0.003 -18"><span class='ocrx_word' id='word_1_139' title='bbox 111 2126 174 2175; x_wconf 82' lang='lat' dir='ltr'>vino</span> <span class='ocrx_word' id='word_1_140' title='bbox 185 2124 369 2193; x_wconf 81' lang='lat' dir='ltr'>ingurgitatus,</span> <span class='ocrx_word' id='word_1_141' title='bbox 386 2121 615 2184; x_wconf 77' lang='lat' dir='ltr'>inorcunr.“(1!!)</span> <span class='ocrx_word' id='word_1_142' title='bbox 633 2123 698 2189; x_wconf 62' lang='lat' dir='ltr'>&lt;pag</span> <span class='ocrx_word' id='word_1_143' title='bbox 713 2125 777 2186; x_wconf 71' lang='lat'>122.)</span> 
     </span>
     <span class='ocr_line' id='line_1_25' title="bbox 112 2207 777 2274; baseline -0.006 -12"><span class='ocrx_word' id='word_1_144' title='bbox 112 2214 175 2262; x_wconf 86' lang='lat' dir='ltr'>Sane</span> <span class='ocrx_word' id='word_1_145' title='bbox 191 2209 358 2274; x_wconf 82' lang='lat' dir='ltr'>transscriptu</span> <span class='ocrx_word' id='word_1_146' title='bbox 377 2207 463 2263; x_wconf 82' lang='lat' dir='ltr'>odiosa</span> <span class='ocrx_word' id='word_1_147' title='bbox 480 2208 538 2256; x_wconf 89' lang='lat' dir='ltr'>sunt</span> <span class='ocrx_word' id='word_1_148' title='bbox 553 2208 691 2257; x_wconf 78' lang='lat' dir='ltr'>monstrosa</span> <span class='ocrx_word' id='word_1_149' title='bbox 702 2210 777 2269; x_wconf 77' lang='lat' dir='ltr'>haec,</span> 
     </span>
     <span class='ocr_line' id='line_1_26' title="bbox 111 2293 777 2359; baseline -0.005 -11"><span class='ocrx_word' id='word_1_150' title='bbox 111 2293 249 2356; x_wconf 76' lang='lat' dir='ltr'>horrenda,</span> <span class='ocrx_word' id='word_1_151' title='bbox 256 2293 379 2344; x_wconf 80' lang='lat' dir='ltr'>informia</span> <span class='ocrx_word' id='word_1_152' title='bbox 387 2304 459 2359; x_wconf 88' lang='lat' dir='ltr'>atque</span> <span class='ocrx_word' id='word_1_153' title='bbox 466 2295 580 2359; x_wconf 82' lang='lat' dir='ltr'>ingentia</span> <span class='ocrx_word' id='word_1_154' title='bbox 589 2295 674 2353; x_wconf 84' lang='lat' dir='ltr'>verba,</span> <span class='ocrx_word' id='word_1_155' title='bbox 684 2296 777 2357; x_wconf 83' lang='lat' dir='ltr'>quibus</span> 
     </span>
     <span class='ocr_line' id='line_1_27' title="bbox 112 2366 777 2447; baseline -0.005 -14"><span class='ocrx_word' id='word_1_156' title='bbox 112 2385 202 2433; x_wconf 83' lang='lat' dir='ltr'>lumen</span> <span class='ocrx_word' id='word_1_157' title='bbox 213 2381 372 2447; x_wconf 85' lang='lat' dir='ltr'>ademptum;</span> <span class='ocrx_word' id='word_1_158' title='bbox 389 2379 439 2439; x_wconf 84' lang='lat' dir='ltr'>sed,</span> <span class='ocrx_word' id='word_1_159' title='bbox 448 2366 503 2444; x_wconf 32' lang='lat' dir='ltr'>&#39;quo</span> <span class='ocrx_word' id='word_1_160' title='bbox 514 2378 609 2431; x_wconf 80' lang='lat' dir='ltr'>inscios</span> <span class='ocrx_word' id='word_1_161' title='bbox 619 2397 777 2441; x_wconf 85' lang='lat' dir='ltr'>moneamus,</span> 
     </span>
    </p>
   </div>
   <div class='ocr_carea' id='block_1_3' title="bbox 112 2464 781 2700">
    <p class='ocr_par' dir='ltr' id='par_1_3' title="bbox 112 2464 781 2700">
     <span class='ocr_line' id='line_1_28' title="bbox 113 2464 779 2525; baseline -0.005 -4"><span class='ocrx_word' id='word_1_162' title='bbox 113 2488 145 2521; x_wconf 84' lang='lat' dir='ltr'>ne</span> <span class='ocrx_word' id='word_1_163' title='bbox 158 2471 186 2520; x_wconf 92' lang='lat' dir='ltr'>in</span> <span class='ocrx_word' id='word_1_164' title='bbox 196 2469 263 2519; x_wconf 86' lang='lat' dir='ltr'>libro</span> <span class='ocrx_word' id='word_1_165' title='bbox 276 2467 419 2517; x_wconf 74' lang='lat' dir='ltr'>evolvendo</span> <span class='ocrx_word' id='word_1_166' title='bbox 433 2464 563 2525; x_wconf 82' lang='lat' dir='ltr'>saliantur,</span> <span class='ocrx_word' id='word_1_167' title='bbox 577 2467 684 2516; x_wconf 80' lang='lat' dir='ltr'>aiterum</span> <span class='ocrx_word' id='word_1_168' title='bbox 696 2467 779 2518; x_wconf 86' lang='lat' dir='ltr'>adhuc</span> 
     </span>
     <span class='ocr_line' id='line_1_29' title="bbox 112 2544 779 2622; baseline -0.001 -17"><span class='ocrx_word' id='word_1_169' title='bbox 112 2544 212 2615; x_wconf 82' lang='lat' dir='ltr'>locum„</span> <span class='ocrx_word' id='word_1_170' title='bbox 229 2571 284 2622; x_wconf 65' lang='lat' dir='ltr'>pag⁴</span> <span class='ocrx_word' id='word_1_171' title='bbox 299 2555 352 2611; x_wconf 75' lang='lat' dir='ltr'>tot,</span> <span class='ocrx_word' id='word_1_172' title='bbox 368 2569 446 2617; x_wconf 89' lang='lat' dir='ltr'>aeque</span> <span class='ocrx_word' id='word_1_173' title='bbox 456 2552 586 2618; x_wconf 80' lang='lat' dir='ltr'>pessimum</span> <span class='ocrx_word' id='word_1_174' title='bbox 597 2553 779 2618; x_wconf 82' lang='lat' dir='ltr'>apponendum</span> 
     </span>
     <span class='ocr_line' id='line_1_30' title="bbox 114 2639 781 2700; baseline -0.001 -11"><span class='ocrx_word' id='word_1_175' title='bbox 114 2641 247 2692; x_wconf 84' lang='lat' dir='ltr'>ducimus:</span> <span class='ocrx_word' id='word_1_176' title='bbox 282 2641 553 2700; x_wconf 83' lang='lat' dir='ltr'>‚,Pomeraniaute1n,</span> <span class='ocrx_word' id='word_1_177' title='bbox 577 2639 653 2688; x_wconf 79' lang='lat' dir='ltr'>altera</span> <span class='ocrx_word' id='word_1_178' title='bbox 672 2642 728 2689; x_wconf 87' lang='lat' dir='ltr'>vice</span> <span class='ocrx_word' id='word_1_179' title='bbox 750 2639 781 2688; x_wconf 86' lang='lat' dir='ltr'>ad</span> 
     </span>
    </p>
   </div>
   <div class='ocr_carea' id='block_1_4' title="bbox 113 2722 787 2793">
    <p class='ocr_par' dir='ltr' id='par_1_4' title="bbox 113 2722 787 2793">
     <span class='ocr_line' id='line_1_31' title="bbox 113 2722 787 2793; baseline -0.001 -18"><span class='ocrx_word' id='word_1_180' title='bbox 113 2743 200 2775; x_wconf 82' lang='lat' dir='ltr'>veram</span> <span class='ocrx_word' id='word_1_181' title='bbox 215 2725 292 2776; x_wconf 80' lang='lat' dir='ltr'>sidem</span> <span class='ocrx_word' id='word_1_182' title='bbox 306 2725 421 2776; x_wconf 79' lang='lat' dir='ltr'>conversi</span> <span class='ocrx_word' id='word_1_183' title='bbox 433 2736 457 2774; x_wconf 89' lang='lat' dir='ltr'>et</span> <span class='ocrx_word' id='word_1_184' title='bbox 468 2722 627 2784; x_wconf 85' lang='lat' dir='ltr'>confirmati,</span> <span class='ocrx_word' id='word_1_185' title='bbox 645 2727 674 2776; x_wconf 90' lang='lat' dir='ltr'>in</span> <span class='ocrx_word' id='word_1_186' title='bbox 687 2743 714 2775; x_wconf 85' lang='lat' dir='ltr'>ea</span> <span class='ocrx_word' id='word_1_187' title='bbox 724 2743 787 2793; x_wconf 8' lang='lat' dir='ltr'>per-p</span> 
     </span>
    </p>
   </div>
   <div class='ocr_carea' id='block_1_5' title="bbox 0 0 837 3011">
    <p class='ocr_par' dir='ltr' id='par_1_5' title="bbox 0 0 837 3011">
     <span class='ocr_line' id='line_1_32' title="bbox 0 0 837 3011; baseline 0 0"><span class='ocrx_word' id='word_1_188' title='bbox 0 0 837 3011; x_wconf 95' lang='lat' dir='ltr'> </span> 
     </span>
    </p>
   </div>
  </div>
 </body>
</html>
