1641 3011
351 168 399 221 ist
437 181 439 184 ¹
579 141 594 146 ,.

43 294 180 355 rationum,
193 292 221 360 in
233 274 383 362 perlegendo
395 296 461 363 proh
474 294 560 346 dolor!
577 291 706 343 veriorem

46 384 199 436 invenimus,
210 394 285 444 quam
291 384 421 433 vellemus.
441 386 509 450 Quae
519 398 599 445 quum
607 381 642 428 ita
648 379 704 437 sint,
748 367 750 369 l

46 479 184 536 temperare
196 467 268 518 nobis
282 486 335 518 non
348 467 488 535 possumus,
507 467 644 532 quominus
659 463 704 514 cel.

26 607 28 610 ,
46 551 138 604 Iaeclzii
148 552 200 613 illo,
211 555 240 603 in
251 554 405 605 Olseniilsrd.
416 554 484 619 supr.
492 553 573 602 laud:
585 551 706 611 „welches

45 656 102 689 coac
110 638 156 687 tata
172 641 396 710 tigeaBearheitar
408 638 555 688 desLebeus
565 637 705 688 desd'Otto

44 726 190 795 noratigliclz
207 724 399 797 berrtclaficlatr'gc
414 743 444 775 au
456 727 556 774 werden
565 725 708 781 oerdient,“

46 827 96 875 quo
105 813 182 861 modo
190 813 311 861 iniectam
317 812 396 861 huius
404 812 474 861 suam
480 811 542 861 libri
552 811 708 859 mentionem

46 899 183 956 concludit,
192 924 224 932 -
233 898 301 956 licet,
315 908 461 961 quamtum
473 896 618 947 novillinrus
629 894 708 944 suerit

45 985 177 1035 Meillerus
191 984 300 1033 Othonis
313 984 437 1042 laudator,
457 985 499 1033 cui
510 985 607 1050 priores
620 1000 708 1032 omnes

45 1070 124 1119 liuius
142 1071 241 1136 generis
256 1069 389 1138 scriptores
404 1081 461 1120 ante
480 1071 566 1121 oculos
580 1068 709 1120 versaren-

45 1167 102 1214 tur,
119 1167 175 1205 tum
194 1157 317 1206 uberibus
334 1157 556 1223 Bambergensrum
572 1157 710 1210 bibliothe-

45 1261 132 1292 carum
145 1240 261 1292 soutibus
276 1248 407 1309 proximus
420 1244 557 1301 adsederit,
573 1242 647 1292 valde
661 1244 710 1291 mi·

45 1326 155 1377 randum
177 1329 219 1386 sit,
242 1356 274 1363 -—
293 1347 340 1378 nos
361 1332 390 1378 in
412 1345 504 1377 vanam
520 1329 589 1395 spem
614 1338 710 1377 erectos

46 1412 120 1463 fuisse
134 1415 215 1464 libere
233 1412 362 1464 fateamur.
397 1418 464 1463 Nam
479 1431 578 1472 merus,
607 1417 709 1478 qualem

46 1502 75 1549 in
85 1501 162 1549 titulo
175 1500 199 1548 se
212 1500 297 1565 ipsum
309 1503 439 1560 nominat,
449 1496 502 1571 sed
515 1492 710 1573 uffortuoatiffi-

11 1611 14 1615 >
47 1603 115 1643 naus,
149 1587 267 1651 priorum
290 1588 463 1650 „collator-⁴⁴4)
487 1587 532 1646 est,
566 1589 711 1659 ἀλλοτριῶν

47 1671 173 1738 farragine
195 1672 286 1721 misere
307 1672 423 1721 historias
446 1673 564 1722 obruens.
609 1676 710 1724 Scilicet

46 1777 87 1817 ne,
106 1758 199 1822 quibus
216 1759 245 1806 in
256 1759 331 1806 titulo
345 1769 369 1805 et
382 1756 548 1822 praefatione,
565 1759 630 1807 iusto
642 1761 710 1825 plus,

45 1843 197 1899 indulserat,
221 1844 346 1908 ampullae
363 1852 387 1888 et
404 1842 591 1908 sesquipedales
606 1844 709 1909 phrases

47 1931 153 1979 omrrino
170 1944 248 1975 ranae
265 1926 419 1989 exsisterent,
443 1945 482 1978 res
500 1926 592 1978 afferre
609 1942 727 1983 coactus·

48 2011 121 2063 fuisse
134 2012 254 2082 ridetur,
279 2013 387 2063 sincerae
398 2015 540 2064 ¹historicae
560 2013 622 2065 fidei
636 2020 710 2068 nullo

49 2098 126 2149 modo
148 2116 280 2166 congruas.
327 2100 452 2170 (Quarum
476 2120 488 2150 e
509 2103 641 2168 pluribus,
665 2125 712 2172 pro

49 2186 170 2251 exemplis
192 2187 250 2246 smt,
267 2204 322 2254 pag.
341 2190 378 2238 aa.
394 2187 454 2238 inlr.
472 2200 496 2237 et
510 2206 564 2255 pag.
581 2191 618 2240 67.
637 2192 711 2256 (ll)).

49 2275 145 2335 thue,
165 2284 259 2334 quanto
274 2275 341 2322 Otlro
356 2276 487 2322 monachis
499 2275 622 2339 praesidio
634 2276 713 2327 fuerit

50 2356 261 2424 laudibus-atque
279 2360 399 2425 exemplis
417 2361 558 2418 extolleret,
576 2372 675 2413 tantum
689 2345 715 2415 ei

51 2495 203 2509 -υ--ι--α-

103 2587 123 2635 4)
144 2585 183 2625 Sed
201 2601 257 2636 raro,
277 2612 303 2619 -
322 2595 420 2641 quantum
439 2603 475 2628 nos
495 2589 566 2630 saltem
584 2591 606 2631 in
628 2594 716 2647 legendo

51 2657 104 2697 libro
114 2657 216 2711 ,indagare
230 2665 345 2715 potaimus,
362 2687 387 2693 —
401 2664 467 2703 sontes
481 2665 554 2704 leodac
590 2668 645 2722 Quos
664 2670 720 2713 inter

51 2732 192 2785 potissimum,
214 2738 266 2786 [pund
286 2735 387 2777 orationes
406 2738 534 2792 epistolasque
548 2735 673 2784 cariserendo
689 2761 737 2786 ren

7 2806 9 2808 ’
52 2808 154 2860 perimus,
174 2804 304 2851 Gretseriano
319 2809 400 2853 Andrea
414 2812 460 2853 usus
475 2813 506 2853 et,
