1641 3011
413 104 444 168 82

98 208 380 298 (suppeditarevideturss
411 226 768 306 lfortalseetiamlumendum
818 213 820 260 l

99 319 165 380 erit,
188 314 342 383 oppidanos,
364 316 449 366 nescio
466 332 516 381 quo
529 321 620 379 modo,
639 320 669 370 ad
682 323 769 371 mitio-

99 412 158 456 ‘tem
174 402 324 452 sententiam
337 400 485 467 perductos,
510 403 551 453 ltis
570 409 654 458 verbis
672 408 768 474 suppli-

100 508 144 541 ces
161 489 309 556 episcopum
325 488 427 554 aggredi
444 508 457 540 a
476 490 548 540 sociis
561 492 615 542 eius
628 497 671 545 vel
683 496 768 562 legatis

99 578 192 626 doctos
210 573 291 625 inille.
326 572 374 624 Sed
386 592 490 640 quoquo
507 576 583 627 modo
601 595 641 627 res
659 581 709 630 [ele
726 581 770 629 ha-

104 663 223 721 buerint,
246 660 387 718 Othonem,
410 662 542 728 postquam
558 663 587 711 in
602 667 713 716 tentorio
731 682 771 714 ex-

98 758 260 799 ltramurum
267 748 414 813 opperienti
425 747 468 796 lric
480 748 591 798 nuncius
602 751 691 800 allatus
706 750 771 810 effet,

100 837 177 884 ‘illico
190 837 284 882 laetum
296 832 382 881 versus
393 832 485 882 urbem
497 834 521 882 le
534 834 638 885 moviss'e
651 839 750 886 canstat.

123 902 125 904 .
170 923 237 967 Tum
248 920 365 984 plurium
377 936 436 968 eum
447 919 567 978 videndi,
585 925 773 973 nonnullorum

100 1007 186 1054 etiam
201 1004 345 1053 honoribus
363 1004 533 1071 prosequendi
550 1006 585 1053 ita
605 1007 715 1056 exarfiffe
732 1027 774 1057 cu·
804 997 806 1001 ,

100 1091 167 1157 ‘pido
183 1101 312 1148 narratur,
329 1101 359 1138 ut
377 1091 536 1140 incedentem
556 1090 710 1140 circumfusa
725 1095 774 1142 im-

101 1176 206 1243 pediret
221 1175 362 1226 multitudo
381 1175 418 1239 58).
453 1180 593 1242 Antequam
614 1188 711 1238 autem,
734 1179 775 1228 in·
796 1191 797 1194 ’

101 1262 225 1312 >credibili
243 1264 287 1310 illa
304 1262 442 1311 hominum
459 1263 562 1330 stipatus
581 1269 692 1331 caterva,
715 1283 774 1333 por-

100 1362 158 1412 tam
185 1351 304 1407 intraret,
337 1349 366 1397 in
392 1365 475 1414 genua
496 1351 643 1416 prolapsus,
684 1353 716 1401 ob
739 1369 775 1412 ea,

100 1455 170 1504 'quae
182 1436 259 1485 modo
276 1435 448 1501 contigerant,
470 1436 560 1502 gratias
576 1454 665 1503 agens,
688 1456 776 1504 parem

106 1526 167 1573 etin
179 1524 308 1589 posterum
319 1532 453 1580 evetrtum,
470 1540 557 1587 preces
571 1521 697 1581 fundens,
715 1523 774 1590 sup-

105 1611 164 1676 plet
176 1612 252 1657 aDeo
264 1604 361 1674 petiille
374 1607 483 1655 videtur.
509 1609 609 1656 Scilicet
620 1608 719 1674 sapiens
731 1612 773 1659 vir

107 1696 137 1744 de
151 1705 252 1743 externa
263 1695 309 1742 lrac
321 1692 485 1742 conversione
496 1703 598 1741 eatenus
610 1704 710 1742 tantum
722 1696 772 1742 lae-

107 1792 171 1829 tatus
182 1780 229 1838 est,
249 1789 372 1844 quatenus
385 1780 499 1827 internae
512 1795 571 1827 mox
584 1779 773 1844 promovendae

106 1866 189 1916 aulam
202 1867 312 1931 aliquam
330 1865 451 1930 praebere
473 1864 611 1914 videretur.
644 1869 773 1932 Denique,

106 1936 241 2019 oppidanis
255 1949 421 2017 magnificum
435 1951 540 2018 apostoli
554 1963 703 2018 apparatum
715 1970 775 2002 curn

106 2038 198 2103 gaudio
218 2037 416 2094 admirantibus,
438 2036 491 2101 ipse
506 2034 650 2100 pontificali
666 2038 773 2088 indutus
815 2087 817 2098 ,

101 2134 209 2181 ornatu,
228 2125 362 2173 editiorem
377 2122 488 2186 aliquem
502 2137 619 2186 magnae,
637 2139 700 2188 quae
712 2141 772 2191 por.

97 2222 144 2259 tae
156 2209 292 2266 adiacebat,
309 2208 425 2274 planitiei
438 2206 582 2256 conscendit
594 2209 687 2258 locum.
711 2212 772 2260 Cae-

106 2307 190 2345 terum
204 2306 228 2345 et
245 2294 318 2353 luae,
340 2310 372 2343 ne
389 2295 500 2361 populo,
526 2294 668 2343 Bernhardi
687 2294 771 2356 instar,

106 2381 251 2448 despicatui¹
278 2378 371 2440 ellam,
397 2379 531 2447 magnifice
554 2381 641 2430 ‘vestiri
666 2393 770 2432 curarat.

105 2472 186 2527 Tum,
214 2469 328 2517 Paulicio
347 2469 499 2534 interprete,
526 2465 720 2517 multitudinem
739 2468 771 2517 lic

144 2665 176 2715 68)
191 2647 233 2714 „tn”
240 2663 326 2704 modum
335 2662 445 2702 torrentis“
455 2667 558 2714 Anonym.
567 2660 632 2702 Canis.
642 2662 668 2713 H,
679 2662 697 2703 6.
707 2676 725 2716 p.
737 2661 768 2700 oo.

104 2736 167 2777 Andr.
182 2737 246 2778 Gretl.
262 2753 291 2791 ep.
307 2739 351 2778 Sur.
367 2737 393 2786 tt,
411 2749 439 2788 15.
453 2750 498 2791 pag.
514 2745 545 2787 50.

817 387 819 395 a
