1641 3011
346 145 376 198 75

33 290 62 327 ut
77 275 216 347 apostolum
229 275 296 325 laute
315 276 452 340 exciperet,
470 276 571 326 nunciis
583 275 690 327 iullerat.
756 331 757 335 ,

35 370 101 415 Tum
115 362 190 410 suave
203 360 275 426 fimul
292 373 317 411 et
330 374 399 412 atrox
412 360 499 411 videre
514 364 588 412 licuit
598 363 697 431 specta-j

35 454 126 501 culum.
164 449 244 508 Nam,
272 449 334 497 dum
354 450 473 513 princeps
499 465 556 498 cum
575 451 692 517 episcopo
744 475 745 488 π

34 533 177 585 consultum
187 534 260 593 that,
271 534 365 583 milites
382 534 528 592 Pomerani,
546 538 602 600 qui,
620 536 693 585 ducis

32 619 160 677 satellites,
186 608 313 670 numerefi
331 637 381 668 una
395 618 561 679 advenerant,
580 620 627 671 five
639 623 694 685 eth·

33 706 91 755 nico
103 702 190 755 furore
205 707 324 764 instincti,
342 704 400 764 five,
420 705 489 769 quod
501 705 531 754 de
538 706 712 767 Christianis„

34 793 117 857 quales
128 793 305 860 perhibentur,
321 790 421 842 facilius
439 793 576 852 credimus,
587 804 622 851 ¹ut
633 796 694 843 arni-

34 896 61 927 ce
77 879 317 937 illos'deluderent,
340 881 427 928 bellici
443 879 559 945 strepitus
574 880 695 940 insuetos,

33 965 255 1030 Bambergenfibus
277 978 385 1014 mertem
406 977 430 1013 et
452 968 577 1014 cruciatus
597 968 701 1026 minati,

32 1052 84 1100 iam
102 1052 178 1100 minis
196 1053 251 1100 vim
268 1051 360 1101 addere
377 1052 504 1117 parabant.
538 1055 606 1101 Tum
622 1052 696 1102 senex
712 1118 714 1121 ι

34 1138 108 1196 Otho,
126 1138 202 1185 illum
213 1139 316 1202 Virgilii
322 1138 352 1199 58)
365 1135 478 1184 referens
490 1137 582 1200 pietate
595 1156 697 1202 gravem

33 1234 57 1271 et
69 1225 168 1272 meritis
179 1225 274 1281 virum,
288 1222 355 1271 solus
368 1239 397 1270 ex
409 1221 460 1269 [uis
473 1222 625 1287 intrepidus,
638 1224 698 1272 lior-

33 1310 187 1368 tationibus,
210 1321 234 1358 et
254 1309 421 1358 barbarorum
442 1306 529 1356 rexille
545 1310 656 1367 animos,
675 1322 699 1358 et

33 1396 181 1445 timentium
197 1406 299 1462 pectora
320 1392 427 1443 mulfille
446 1393 549 1442 ridetur
560 1395 598 1457 59).
631 1379 697 1445 Col.

33 1482 135 1546 loquio,
165 1499 245 1546 quum
267 1480 552 1530 Slavo-Pomeranicam
574 1481 706 1547 linguam,=.

33 1567 139 1632 paulum
151 1567 294 1617 aPolonica
307 1565 413 1614 dialecto
427 1565 621 1630 discrepantem,
630 1568 701 1632 otho,

34 1652 151 1700 noudum
172 1652 207 1700 [at
229 1653 342 1709 calleret,
370 1653 494 1716 interpres
516 1650 644 1701 adhibitus
667 1653 701 1702 est

35 1739 171 1787 Paulicius.
190 1742 247 1806 Quo
259 1735 290 1786 ad
299 1740 435 1801 utriusque
446 1737 606 1787 voluntatem
619 1737 700 1798 finito,

35 1835 110 1872 nocte
120 1825 267 1890 ingruente,
286 1821 457 1871 discesserunt.
734 1808 736 1810 ¹

97 1910 196 1958 Postero
220 1900 304 1958 autem
328 1925 402 1956 mane
421 1907 567 1973 episcopus,
591 1908 619 1956 in
638 1907 712 1957 haecv
763 1911 771 1920 ”

36 1995 168 2043 servatoris
180 1994 248 2059 apud
257 1992 415 2056 loannem50)
428 2009 599 2059 prorumpens
610 1994 700 2043 verba:

36 2083 128 2129 Levate
145 2081 232 2129 oculos
250 2091 274 2128 et
289 2080 375 2130 videte
394 2097 465 2138 arva,
488 2081 539 2128 ianr
556 2079 588 2128 ad
599 2077 713 2147 mellem.

27 2166 100 2228 alba,
119 2183 182 2230 quae
194 2168 238 2230 qui
249 2168 330 2223 metit,
345 2165 489 2214 mercedem
501 2167 594 2231 accipit
606 2176 631 2213 et
644 2183 706 2220 cons

37 2263 122 2319 gregat
134 2250 249 2303 fructum
258 2253 286 2302 in
292 2253 372 2302 vitam
385 2252 524 2302 aeternam!
537 2250 645 2302 flumine
653 2262 703 2301 tra-

37 2386 189 2399 Μ

93 2485 124 2533 58)
138 2485 189 2524 Αθιι,
203 2484 220 2534 1,
236 2494 278 2534 151.

91 2557 125 2606 59)
141 2557 212 2609 Quod,
228 2571 291 2611 quum
301 2556 325 2597 de
338 2556 389 2596 duce
401 2564 505 2607 narretur,
519 2556 578 2596 facile
592 2563 613 2595 et
625 2555 649 2595 de
662 2556 706 2610 epi-

40 2631 99 2681 [copo
117 2629 239 2672 inurendum
255 2634 299 2673 erit.
320 2632 344 2672 cf.
361 2631 421 2672 Andr.
434 2631 499 2670 Grett
515 2629 568 2683 apud
579 2629 623 2669 Sur.
635 2630 661 2676 ΙΙ,
675 2644 706 2671 11;

41 2720 59 2760 p.
71 2718 102 2758 49.
117 2704 184 2743 anon.
200 2706 266 2748 Cauil.
277 2709 303 2757 Il,
315 2709 334 2748 6.
348 2722 368 2762 p.
379 2716 410 2759 58.

95 2780 128 2831 do)
143 2777 179 2817 Ev.
194 2779 249 2821 Ioan.
265 2796 283 2833 4,
298 2791 329 2834 55.
345 2783 377 2833 36.
