1641 3011
418 114 451 161 90,

82 238 158 313 ssat,
172 238 326 288 *invitandos
342 236 390 287 else
404 237 503 305 potius,
526 244 601 303 quam
617 242 761 296 trahendos

98 325 189 389 „Unde
199 325 319 374 adhortor
329 340 382 393 vos,
399 320 431 358 '-
446 325 712 384 monuitPomeranos',
730 355 762 389 *ss

99 417 158 480 atria
170 428 262 481 cogere
274 428 322 460 raon
339 409 429 468 dedeo,
446 420 476 468 ut
488 409 518 457 de
529 409 616 462 liberis
632 415 718 465 uestris
731 414 762 462 ad

100 500 246 550 clericatum
256 497 360 548 tradatis
377 497 526 561 liberalibus
543 496 632 548 studiis
641 504 712 567 prius
724 500 763 550 di-

99 588 207 652 ligenter
217 585 360 641 instructos,
371 595 400 632 ut
409 583 569 651 ipsrpervoS,
582 571 644 633 sreut
655 589 763 640 caeterae

100 684 196 739 gentes,
214 672 245 721 cle
256 674 344 737 lingua
353 671 433 723 vestra
442 670 571 719 latinitatis
584 671 696 723 conscios
708 672 764 739 pos-

101 759 153 809 sitis
169 759 263 807 hahere
280 759 383 806 clericos
398 767 423 804 et
440 755 603 810 sacerdotes.“
636 756 674 806 Ad
691 760 766 807 altare

101 856 199 903 autem,
225 843 294 908 quod
307 843 378 898 omui
391 840 458 888 sacra
473 841 629 907 supellectile
640 854 766 903 ornatum,

101 933 153 979 suis
171 928 315 992 sutnptibus
334 914 497 984 exstruxerat,
520 927 545 979 se
566 929 677 988 ahsente,
698 940 723 978 et
737 931 766 978 in

100 1014 229 1081 posterum
246 1011 400 1070 curandum,
417 1011 565 1077 {pariterque
581 1014 612 1061 ad
623 1032 717 1078 pueros
727 1018 767 1063 in-

100 1099 255 1158 stituendos⁷
281 1116 294 1146 e
318 1096 392 1146 sociis
421 1097 573 1146 sacerdotem
596 1099 628 1152 iis
653 1099 767 1164 reliquit,

102 1185 171 1234 hisee
181 1183 235 1233 fere
246 1201 305 1231 eum
316 1183 402 1231 verbis
419 1184 611 1233 commendans:
634 1188 713 1243 „Ecce
724 1186 767 1233 ha-

101 1271 167 1324 hetis
178 1268 348 1327 sacerdotem,
369 1267 450 1317 dehis
467 1270 587 1324 omnibus
598 1280 622 1319 et
634 1287 769 1336 quaecum-

103 1374 151 1419 que
161 1356 221 1403 sunt
237 1352 369 1402 necessaria
386 1354 473 1412 vobis,
492 1357 661 1408 abundantius
671 1375 717 1406 ros
730 1360 769 1407 iu-

102 1443 196 1493 struere
210 1440 338 1492 scientem,
371 1437 457 1505 Ipsum
475 1457 547 1506 ergo,
571 1440 703 1500 flauente,
727 1461 769 1492 an-

103 1529 185 1586 dietis‚
199 1528 353 1579 honorantes
366 1537 390 1575 et
403 1535 513 1574 amantes
528 1542 588 1576 eum
598 1537 622 1575 et
634 1511 770 1593 qttaeeum·

105 1632 155 1680 que
172 1614 246 1662 vohis
264 1612 357 1660 dixerit
373 1609 500 1664 facientes.
539 1616 570 1661 Et
584 1632 653 1663 nunc
666 1634 711 1681 ego
727 1636 770 1668 va.

106 1700 153 1757 do,
170 1699 264 1747 iterum
283 1698 332 1750 cito
349 1696 496 1745 reversurus
515 1696 612 1746 advos.
645 1701 729 1749 Valere
742 1705 771 1752 iu

104 1785 244 1835 Domino·“
284 1782 431 1840 Caeterum,
457 1794 556 1848 praeter
571 1784 770 1838 Christianarum

104 1886 192 1921 rerum
200 1869 379 1934 cognitionem,
392 1879 416 1917 et
421 1869 528 1933 reliquis
534 1870 610 1918 illum
618 1872 772 1935 quilmsdam

106 1956 215 2025 seientiis
227 1955 420 2004 catechumenos
430 1953 548 2008 imbuisse
559 1974 572 2004 e
582 1959 720 2012 Kantaovii
733 1962 772 2009 hi-

107 2043 182 2092 storia
189 2042 314 2090 coniicere
325 2042 392 2100 licet,
404 2042 489 2099 illum,
501 2059 597 2091 annum
610 2060 651 2091 eos
661 2045 690 2092 in
700 2062 772 2096 men-

107 2128 158 2185 seS,
178 2127 348 2194 hebdomades
367 2137 440 2190 atque
457 2126 510 2174 dies
521 2126 637 2180 dividere
652 2129 770 2192 docuisse,

108 2215 176 2272 inter
194 2223 289 2262 caetera
301 2210 447 2265 affirmantis
459 2212 497 2275 8⁰).

173 2303 251 2368 Quos,
264 2316 351 2362 quum,
362 2300 429 2347 iuter
440 2298 493 2364 ipsa
499 2300 535 2349 Sti
540 2299 641 2347 Ioannis
653 2301 773 2366 baptistae

108 2386 231 2435 solemnia
242 2384 307 2447 (ll),
329 2385 488 2452 neophytos,
505 2401 613 2437 numero
632 2386 663 2434 ad
679 2386 775 2454 septem

110 2474 192 2523 millia
199 2473 238 2536 31),
250 2472 334 2522 valere
347 2470 452 2531 iussisset,
459 2473 510 2524 iam
519 2471 550 2525 ad
557 2481 679 2525 extremos
687 2485 774 2538 terrae,

110 2559 198 2609 uersus
225 2559 349 2625 Balticum
368 2575 450 2617 thare,
476 2556 542 2607 sines
560 2561 775 2626 appropinquans

111 2669 262 2683 --„....-

165 2731 197 2776 80]
211 2730 309 2770 Koutzow
327 2730 363 2772 lec.
378 2736 426 2772 vett.
440 2741 483 2783 pag.
497 2742 529 2783 95.

167 2802 200 2851 31)
214 2801 283 2852 Idem,
301 2812 333 2856 89.
