1641 3011
384 98 429 147 118

79 240 131 293 gete
144 225 198 285 147),
216 222 261 270 ubi
273 227 295 272 S.
311 226 407 272 Merite
420 226 546 288 ternplum
561 227 655 277 dicarit
667 227 707 288 148)
720 237 744 274 et

79 309 255 378 Belgmtliae,
287 303 450 358 Porneraniae
473 310 604 363 ulterioris
627 312 745 370 urbibus,

82 481 121 522 Sed
140 481 215 529 Domi,
235 482 295 529 licet,
316 505 341 514 -
361 485 428 537 qnod,
444 471 517 537 xquum
534 484 620 523 maioris
640 483 747 538 aliquando

81 555 185 617 momenti
211 555 260 596 urbs
289 557 347 599 inille
370 559 394 598 ab
418 558 517 599 historicis
547 559 665 606 (Kantzovio
691 572 707 598 e.
731 569 750 609 g.

82 639 103 669 et
127 630 227 670 Cramero
252 631 300 671 libb.
323 632 429 684 pinnen)
452 632 574 681 affirmetur,
604 632 650 670 lone
672 632 749 670 iniren-

84 704 145 750 dum,
165 727 191 735 -
209 704 265 744 nullo
285 705 327 744 eius
352 707 405 759 apud
425 707 552 748 Othonianos
571 707 676 759 scriptores
694 716 751 743 men-

84 779 113 819 tio
133 788 237 828 occurret,
253 800 277 807 -
292 778 361 828 (Andr.
383 782 437 833 apud
457 783 502 822 Sur.
522 782 548 831 ri,
568 790 599 832 58.
619 793 664 833 pag.
685 789 710 829 57
728 778 752 816 in

87 861 174 906 quatuor
191 852 316 897 civitatibus,
335 865 396 904 quoe,
417 867 480 906 quum
500 854 554 893 Otho
574 855 641 907 prima
656 852 700 891 vice
715 851 754 891 Po=
818 887 819 890 ,

85 926 178 965 tnerenia
192 926 309 973 decederet,
331 940 393 975 „curn
407 929 475 980 pagis,
491 928 564 967 insulis
579 937 598 966 et
612 925 753 965 viculisluis“

85 1000 219 1040 inconserlee
244 1000 375 1053 supererant,
399 1009 481 1041 tentum
499 1000 612 1041 Noirm'om
634 999 754 1055 (Useclom)?

87 1073 194 1125 nominet,
214 1074 361 1132 Hologosmm,
378 1077 523 1129 Gorgongiom
538 1084 557 1114 et
574 1075 677 1115 Timirtam
692 1073 756 1123 (Wol-

88 1148 146 1204 gast,
173 1150 270 1189 Giitzlcoro
285 1159 304 1188 et
320 1150 432 1201 Detumr'n).
452 1150 511 1189 Unde
529 1150 573 1189 fere
592 1161 689 1202 apparere
704 1147 756 1186 vide-

88 1231 123 1260 tur
141 1223 247 1274 scriptores
267 1224 359 1263 Drinum
380 1224 490 1277 oppidum,
515 1232 619 1276 tamquam
637 1222 700 1261 telem
720 1236 755 1274 pov

87 1309 137 1347 gum
152 1295 183 1333 vel
195 1297 292 1344 viculum,
307 1298 380 1335 maiori
392 1296 469 1336 Selino
482 1296 635 1346 adnumerasse.)
650 1316 675 1326 -
688 1296 757 1342 illurn,

89 1368 139 1408 dnm
154 1369 228 1409 Sedini
248 1370 305 1418 ellet,
329 1369 470 1424 praedicaville
491 1370 551 1408 focile
571 1371 694 1409 sumendum
712 1370 757 1407 erit.

89 1443 157 1482 Facile
172 1452 193 1482 et
201 1444 316 1498 Domertses
331 1446 386 1483 inter
401 1457 435 1482 eos
449 1442 574 1482 numerandi
588 1444 640 1492 lunt,
657 1443 697 1495 qui,
710 1442 758 1481 dum

91 1518 164 1558 Sedini
178 1517 316 1570 praediceret,
335 1518 391 1558 illius
406 1517 462 1557 urbis
477 1518 569 1568 accolae,
590 1517 680 1571 undique
694 1517 759 1557 rneri-

91 1605 126 1629 mo
141 1605 228 1630 numero
244 1592 359 1633 affluebant.
387 1593 441 1631 Nem
455 1592 480 1632 od
494 1593 585 1646 primum
600 1593 699 1631 eSetlr'no
712 1591 760 1630 mil-

90 1664 176 1705 liorium
196 1666 257 1704 litum
272 1665 298 1704 elt
312 1666 409 1707 Domum.
424 1687 449 1693 -
465 1665 503 1704 Sed
524 1678 563 1717 quo
577 1666 694 1705 faciliorem
708 1665 759 1712 eliis,

90 1738 151 1777 nobis
165 1737 302 1788 doctioribus,
322 1739 384 1777 huius
402 1740 442 1777 loci
463 1752 510 1776 vere
523 1738 655 1791 investigandi
675 1737 760 1777 occelio·

90 1824 138 1851 nem
156 1811 301 1864 praebeamus,
320 1820 389 1851 totum
407 1811 450 1851 inin
467 1813 540 1851 veteris
559 1812 663 1864 scriptoris
685 1812 761 1865 capitu-

89 1886 139 1936 lum,
155 1899 167 1940 q
170 1888 209 1926 uod
220 1887 244 1949 de
254 1886 389 1927 fabulolailltt
397 1887 488 1926 Dodona
501 1885 621 1939 perscripsit,
631 1887 760 1938 apponimus.

92 1960 163 2012 Quod,
180 1975 252 2014 quum,
267 1970 313 2001 tum
327 1961 352 2001 de
366 1959 449 2000 Othone
464 1960 555 2001 iucunde
570 1960 668 2014 quaedam
684 1960 761 2006 aflerat,

91 2043 136 2074 turn
149 2035 208 2075 limul
221 2045 313 2075 veterum
327 2037 370 2075 eius
380 2048 451 2074 rerum
459 2034 581 2086 scriptorum
591 2035 689 2073 narrandi
699 2036 762 2074 retio-

91 2107 125 2146 nis
136 2106 219 2160 aliquod
232 2111 337 2163 specimen
351 2108 453 2156 exhibeat,
469 2120 492 2145 eo
507 2106 588 2146 lucilius
603 2108 663 2147 nobis
675 2108 762 2162 perinis-

91 2181 136 2222 sum
145 2181 172 2221 iri
187 2182 314 2223 confidimus,
335 2182 423 2235 Legitur
437 2189 505 2219 eutem
519 2181 576 2220 locus
591 2182 644 2234 apud
657 2184 762 2235 Anonym.

93 2255 160 2295 Canis.
180 2256 207 2305 II,
226 2258 258 2295 26.
279 2270 321 2310 pag.
342 2268 368 2307 72
388 2262 447 2308 etque
470 2255 523 2308 apud
549 2256 652 2295 Andrcetn
673 2256 762 2304 Gretler,

92 2331 148 2370 unde
162 2329 330 2384 deprompsimus,
342 2330 367 2379 in
382 2329 436 2370 Surii
451 2329 497 2369 edit.
510 2329 534 2370 ll.
545 2344 577 2381 57.
592 2343 637 2384 pag.
652 2340 686 2380 57:
702 2330 762 2379 „Mo-

92 2412 162 2444 ventes
184 2413 253 2444 autern
273 2404 340 2444 lulina
354 2404 465 2445 Dodormm
481 2405 581 2454 venimus,
601 2402 695 2457 nihilque
710 2403 762 2458 dilli-

93 2479 173 2520 cultetis
188 2488 223 2519 sut
238 2479 405 2520 contradictionis
419 2479 465 2519 illio
474 2479 611 2526 invenientes,
627 2474 763 2518 lancteecru-

93 2553 120 2591 cis
134 2553 257 2608 trophaeum
275 2554 305 2593 ibi
325 2555 433 2594 ereximus.
460 2553 486 2592 Et
505 2553 551 2606 quio
571 2553 625 2591 locos
644 2552 763 2606 uentorofits

92 2635 135 2666 eret
149 2639 167 2668 et
182 2644 291 2678 amoenus,
310 2637 330 2669 et
344 2628 399 2682 ligne
418 2627 443 2667 ad
461 2626 611 2667 aedificandum
625 2626 763 2682 suppetebant,

150 2732 193 2778 147)
209 2732 269 2782 Quod
282 2741 327 2771 tum
344 2731 461 2780 Colobrego
476 2729 571 2770 audivisse
587 2729 670 2770 viderim

137 2802 267 2852 ,143)Andr.
283 2804 349 2847 Gretl.
365 2818 396 2858 ep.
412 2802 456 2844 Sur.
471 2803 497 2854 ll,
513 2812 543 2855 45.
