1641 3011
349 151 380 199 73

39 283 136 334 miseris
152 277 312 343 evangelium
327 275 487 336 obtruderet·,
505 276 644 328 debellator
656 279 702 345 po·

39 373 90 421 tius
112 380 187 427 quam
215 365 340 432 apostolus
369 366 417 414 erit
442 365 613 429 appellandus.
658 358 703 415 so-

41 458 85 506 ciis
107 450 206 500 itineris
229 451 296 501 Otho
321 450 419 515 gavisus
437 448 471 497 est
488 450 622 501 Adelberto
639 468 703 517 quo-

41 542 105 594 dam,
123 538 280 587 Werithemo
295 546 369 601 etque
380 533 485 594 Sisrid0‚
503 538 626 600 quiidem
637 536 704 607 post·

41 643 68 674 ea
87 639 126 673 res
146 626 200 675 eius
221 618 517 688 memoriaeprodidisle
536 621 623 674 fertur.
642 618 705 683 stc,

39 710 174 771 Bohemia,
201 713 248 760 uhi
267 713 360 775 Prugee
380 708 518 774 paululum
536 722 706 759 commoratus

41 794 88 844 esse
104 796 211 854 dicitur,
239 806 263 843 et
280 794 379 851 Silesta,
401 806 458 843 tum
473 795 570 844 Polono
590 794 650 843 duci
666 813 708 844 au-

44 883 138 941 dienti,
157 883 293 930 accelerato
311 883 410 948 agmine
428 880 544 940 emensts,
566 881 652 940 brevi,
670 883 709 931 in-

43 971 113 1035 genti
128 969 215 1016 ubivis
240 969 430 1016 accurrentium
449 967 524 1016 turba
540 967 657 1034 stipatus,
681 969 710 1017 in

42 1055 177 1105 Poloniam
188 1053 341 1104 adventavit.
374 1056 442 1103 Num
452 1055 541 1103 multis
553 1037 709 1118 insequenti

44 1142 92 1190 bus
108 1140 208 1197 rhedis,
228 1151 384 1199 commeatu,
402 1141 518 1190 tentoriis
531 1150 555 1190 et
567 1150 662 1189 caetera
672 1138 712 1189 su-

43 1227 171 1292 pellectile
184 1225 288 1284 onustis,
307 1225 406 1275 silentio
415 1228 465 1275 iter
476 1225 558 1274 facere
565 1225 712 1289 nequibant.

44 1315 97 1361 Iam
104 1311 133 1359 in
143 1311 264 1360 Poloniae
276 1309 372 1360 finibus
383 1312 481 1360 incolae
491 1310 601 1360 solemni
613 1313 712 1377 agmine

46 1399 149 1448 obviem
161 1397 234 1457 sacti„
252 1399 381 1463 hymnum
393 1397 598 1457 decantaverunt,
616 1399 662 1462 qui
673 1399 714 1446 in·

47 1486 122 1549 cipit:
145 1484 220 1536 Cives
237 1483 408 1548 apostolorum
425 1493 450 1531 et
466 1483 598 1532 domestici
611 1485 663 1534 Dei
671 1500 714 1532 tre-

47 1570 125 1618 niunt
135 1570 173 1631 54).
207 1573 335 1619 Gnesnem
346 1570 377 1632 55)
391 1579 475 1617 autem
488 1570 717 1635 appropinquanti-

48 1656 106 1715 bus,
113 1665 170 1704 tum
179 1656 253 1720 regni
263 1653 356 1713 sedem,
362 1671 452 1721 magne
462 1672 599 1722 procerum
610 1635 719 1705 circum·

50 1742 124 1790 datus
136 1752 246 1798 caterve,
270 1740 321 1788 dux
338 1740 415 1789 nudis
427 1741 530 1790 obviam
539 1743 588 1790 ivit
600 1741 717 1807 pedibus.

51 1828 125 1877 Unde
147 1844 227 1891 quum
245 1826 325 1882 Otho,
356 1842 439 1889 neque
461 1827 504 1874 hic
522 1843 535 1874 a
550 1827 720 1891 praedicendo

52 1911 182 1967 desistens,
200 1909 255 1975 post
272 1910 370 1974 aliquot
387 1909 441 1959 dies
460 1910 604 1970 decederet,
620 1921 721 1978 praeter

51 2033 204 2043 ------

54 2114 168 2155 iudicando
189 2128 212 2154 ee
234 2114 290 2155 ducti
308 2115 377 2157 sumus
395 2118 534 2172 persuasione,
554 2118 606 2158 sicut
623 2117 727 2160 mitilfimt

58 2188 133 2228 Christi
147 2190 260 2241 imperium
274 2189 337 2230 nullis
352 2192 390 2232 nih
404 2192 462 2232 verbi
476 2200 496 2232 et
510 2195 586 2232 amoris
601 2194 664 2232 ermis
678 2194 728 2232 dila·

55 2263 141 2303 tondum
155 2263 188 2313 fit,
209 2265 239 2303 ita
253 2263 326 2304 Christi
341 2254 420 2320 quoque
436 2268 557 2321 apostolum,
572 2276 592 2307 et
605 2267 726 2317 lacessitum,
775 2264 779 2294 3'
816 2250 817 2256 i

58 2336 147 2388 (qualem
160 2337 294 2377 Mainerdum
308 2339 459 2379 Schroeclrhius
475 2342 560 2381 ostendit
573 2355 592 2394 p.
603 2343 648 2391 232)
663 2340 727 2395 nullis

59 2408 98 2447 uili
112 2410 187 2451 telihue
202 2413 263 2452 armis
278 2411 309 2452 uti
323 2412 402 2452 debere.
417 2413 502 2455 Etenim
515 2416 556 2455 tale
571 2416 597 2454 est
609 2414 684 2455 Christi
697 2428 730 2453 re-

60 2493 134 2532 gnum,
149 2487 184 2525 cui
198 2500 259 2526 omne
273 2496 316 2526 tam
331 2488 455 2536 edictorum,
469 2502 530 2541 quem
544 2502 648 2529 armorum
661 2496 729 2541 patro·

60 2554 140 2594 ciuium
153 2559 233 2613 semper
248 2561 371 2601 detrimento
385 2561 425 2600 suit
440 2564 532 2616 eritque!
548 2585 573 2593 -

114 2633 147 2682 54)
162 2634 225 2674 Andr.
240 2635 306 2678 Gtets.
321 2637 374 2692 apud
388 2637 432 2677 sur.
446 2638 472 2688 ll,
487 2647 506 2685 8.
520 2650 564 2691 pag.
579 2647 611 2690 48.
630 2637 731 2678 Kantzow

63 2704 108 2743 Vol.
125 2718 142 2744 1.
156 2718 200 2758 pag,
215 2711 246 2755 36,

115 2781 147 2830 55)
163 2779 249 2821 Gnelen.
