1641 3011
377 150 414 197 23>

62 280 118 328 net
130 279 264 335 admotus,
290 286 377 342 totque
391 273 518 343 perpessus
534 285 727 344 mortes3⁸quot1

63 366 115 416 dies
126 362 181 429 post
190 362 328 432 susceptam
339 362 416 412 fidem
426 365 533 413 vixerat!
548 368 610 413 Prae
622 366 726 428 caeteris

61 453 118 502 ideo
131 463 192 508 vos,
215 453 324 514 quorum
337 448 466 500 novissima
478 449 539 499 haec
552 448 672 517 prospera
682 451 726 501 lux

61 539 143 588 saneta
165 535 277 600 agmina,
305 547 356 584 tam
376 536 407 584 ad
429 536 567 600 Aethiopes
588 537 725 602 Indosque,

61 624 111 674 sole
131 621 242 681 adustos³
265 640 339 688 quom
357 621 388 671 ud
402 623 522 672 ultimam
539 621 653 683 Thulen,
676 622 737 675 fri-0,

60 726 120 774 gore
141 709 279 773 rigentem,
308 720 382 773 utque
404 709 436 757 ud
455 708 594 758 Abralmmi
615 711 721 772 prolem,

58 795 108 845 Dei
119 795 181 843 olim
192 793 300 854 delicias,
315 812 384 844 nunc
396 793 487 843 misere
498 793 585 842 ubivis
597 802 723 844 terrarum

61 879 196 944 dispersas,
219 881 260 928 vel
276 878 404 946 profectos
415 878 482 928 vidit
492 880 534 927 vel
546 895 631 927 morae
642 880 723 945 impe·
756 901 758 903 ·

59 968 162 1026 tientes,
184 977 211 1015 ut
226 969 282 1015 vela
296 967 380 1015 ventis
397 964 490 1016 dentur
506 962 664 1030 flagitantes,
677 983 723 1015 ros

58 1070 132 1119 rogo,
161 1054 252 1120 optimi
271 1054 392 1109 iuvenes,
420 1069 465 1108 ne,
492 1053 576 1119 primo
595 1052 725 1117 quondam

58 1158 141 1188 amore
157 1141 257 1197 abacto,
281 1139 313 1187 ad
329 1140 495 1196 Herculeum,
520 1156 596 1203 quem
613 1138 724 1204 suscepi-⁴

57 1227 111 1284 stis,
133 1226 247 1273 laborem
262 1212 473 1290 perficiendum
485 1226 570 1274 animo
588 1235 612 1272 et
624 1225 723 1273 viribus

57 1309 190 1370 deficiati53
208 1310 335 1359 Plrocense
346 1329 448 1360 mecum
462 1311 529 1359 illud
540 1311 676 1360 delubrum
684 1312 724 1359 in·¹

56 1398 140 1456 visne,
164 1397 250 1453 cuius,
269 1396 339 1460 quod
354 1399 382 1445 in
398 1396 482 1445 sronte
498 1397 575 1462 gerit,
598 1397 722 1462 epigram-

55 1501 108 1541 ma,
136 1482 260 1548 peculiari
282 1481 392 1546 quodam
412 1484 468 1530 iure
492 1482 586 1539 vestr-o,
609 1482 721 1531 vestrum

54 1584 202 1635 nuncupare
227 1567 330 1616 debetis.
372 1569 441 1625 Nae,
470 1567 578 1615 sarrctior
599 1566 722 1631 quaedam

54 1671 159 1711 munus,
182 1670 259 1717 quam
277 1668 340 1715 quae
356 1650 471 1700 fallacem
488 1654 564 1701 illum
574 1654 663 1719 Pythii
677 1655 723 1701 tri-

54 1740 149 1807 podem
161 1740 230 1787 intus
244 1737 381 1795 constituit,
401 1738 463 1787 duas
478 1739 553 1788 hasce
564 1755 647 1798 voces,
663 1740 722 1788 licet

56 1827 127 1875 dictu
138 1836 162 1873 et
175 1823 266 1873 auditu
277 1823 392 1888 pusillan,
416 1835 499 1873 tamen
512 1843 559 1890 pro
570 1826 665 1873 vertice
677 1825 722 1874 lia-
747 1839 749 1842 ·

54 1913 162 1967 houden,
185 1913 275 1974 inquo
287 1910 521 1975 ornneapostolicae
539 1912 606 1959 vitae
622 1912 720 1962 caelum

55 2000 174 2053 vertatur,
192 1996 321 2053 marmori,
340 1994 409 2059 quod
419 1997 511 2061 templi
521 1995 634 2045 frontem
645 2014 722 2066 orna-¹

55 2078 101 2141 res,
114 2083 211 2132 incidit.
245 2081 353 2139 Scilicet,
371 2093 400 2131 ut
410 2081 504 2141 miseri,
522 2083 577 2132 illic
590 2084 720 2134 malorum

56 2187 131 2237 opem
150 2178 312 2233 quaerentes,
339 2169 503 2235 priusquam
522 2170 661 2229 intrarent,
684 2170 721 2219 se·

56 2267 108 2306 met
121 2255 188 2322 ipsos
203 2254 398 2320 introspicerem
411 2265 447 2314 et,
471 2252 597 2306 ineffabili
607 2240 654 2306 vsura
666 2274 720 2306 cor-

56 2343 176 2409 ruptione
187 2339 305 2389 sunditus
316 2340 419 2390 tandem
430 2340 572 2407 perspecte,
590 2343 665 2391 aliam
678 2339 721 2391 fir·

56 2431 165 2478 miorem
187 2427 312 2476 medelam
332 2429 510 2493 impetrarent,
533 2445 610 2493 quam
630 2446 721 2494 quaec

56 2513 149 2564 misero
165 2515 211 2564 illo
225 2516 345 2581 Apolline
361 2513 512 2580 expectanda
530 2513 593 2565 esset.
627 2519 658 2564 Et
671 2513 723 2564 suit

57 2604 108 2650 iam
118 2611 186 2660 tum,
205 2602 276 2651 dulci
290 2604 335 2651 illo
348 2603 377 2651 in
388 2601 502 2667 paradiso
517 2602 548 2651 de
561 2598 675 2651 mulieris
686 2601 723 2650 se-

58 2689 140 2746 mine,
159 2690 349 2756 quodserpenti
363 2689 499 2756 aliquando
513 2700 587 2756 caput
598 2690 723 2740 contritu-
746 2740 748 2743 .
