<?xml version="1.0" encoding="UTF-8"?>
<!DOCTYPE html PUBLIC "-//W3C//DTD XHTML 1.0 Transitional//EN"
    "http://www.w3.org/TR/xhtml1/DTD/xhtml1-transitional.dtd">
<html xmlns="http://www.w3.org/1999/xhtml" xml:lang="en" lang="en">
 <head>
  <title>
</title>
<meta http-equiv="Content-Type" content="text/html;charset=utf-8" />
  <meta name='ocr-system' content='tesseract 3.04.00' />
  <meta name='ocr-capabilities' content='ocr_page ocr_carea ocr_par ocr_line ocrx_word'/>
</head>
<body>
  <div class='ocr_page' id='page_1' title='image "MN40367ucmf_1_0023.png"; bbox 0 0 1641 3011; ppageno 0'>
   <div class='ocr_carea' id='block_1_1' title="bbox 9 690 714 1123">
    <p class='ocr_par' dir='ltr' id='par_1_1' title="bbox 9 690 714 1123">
     <span class='ocr_line' id='line_1_1' title="bbox 9 690 713 781; baseline 0.006 -24"><span class='ocrx_word' id='word_1_1' title='bbox 9 690 10 695; x_wconf 8' lang='grc' dir='ltr'>ἵ</span> <span class='ocrx_word' id='word_1_2' title='bbox 47 718 96 757; x_wconf 87' lang='lat' dir='ltr'>rua</span> <span class='ocrx_word' id='word_1_3' title='bbox 127 718 162 756; x_wconf 83' lang='lat' dir='ltr'>ex</span> <span class='ocrx_word' id='word_1_4' title='bbox 191 700 364 778; x_wconf 78' lang='lat' dir='ltr'>antiquitate</span> <span class='ocrx_word' id='word_1_5' title='bbox 389 702 584 781; x_wconf 80' lang='lat' dir='ltr'>depromptis,</span> <span class='ocrx_word' id='word_1_6' title='bbox 611 702 713 761; x_wconf 63' lang='lat' dir='ltr'>docenss</span> 
     </span>
     <span class='ocr_line' id='line_1_2' title="bbox 47 816 714 894; baseline 0.007 -25"><span class='ocrx_word' id='word_1_7' title='bbox 47 824 122 886; x_wconf 84' lang='lat' dir='ltr'>tem,</span> <span class='ocrx_word' id='word_1_8' title='bbox 143 818 275 894; x_wconf 85' lang='lat' dir='ltr'>quamsit</span> <span class='ocrx_word' id='word_1_9' title='bbox 289 818 390 876; x_wconf 89' lang='lat' dir='ltr'>stabile</span> <span class='ocrx_word' id='word_1_10' title='bbox 402 816 526 874; x_wconf 84' lang='lat' dir='ltr'>verbnm</span> <span class='ocrx_word' id='word_1_11' title='bbox 537 816 606 889; x_wconf 81' lang='lat' dir='ltr'>Dei,</span> <span class='ocrx_word' id='word_1_12' title='bbox 626 835 714 894; x_wconf 88' lang='lat' dir='ltr'>quarn</span> 
     </span>
     <span class='ocr_line' id='line_1_3' title="bbox 47 930 714 1003; baseline 0.004 -18"><span class='ocrx_word' id='word_1_13' title='bbox 47 930 158 988; x_wconf 87' lang='lat' dir='ltr'>sincera</span> <span class='ocrx_word' id='word_1_14' title='bbox 184 932 247 990; x_wconf 80' lang='lat' dir='ltr'>iesu</span> <span class='ocrx_word' id='word_1_15' title='bbox 275 932 398 1003; x_wconf 79' lang='lat' dir='ltr'>Christi,</span> <span class='ocrx_word' id='word_1_16' title='bbox 415 939 417 943; x_wconf 81' lang='grc'>’</span> <span class='ocrx_word' id='word_1_17' title='bbox 436 931 592 991; x_wconf 79' lang='lat' dir='ltr'>servatoris</span> <span class='ocrx_word' id='word_1_18' title='bbox 623 931 714 989; x_wconf 82' lang='lat' dir='ltr'>nostri</span> 
     </span>
     <span class='ocr_line' id='line_1_4' title="bbox 49 1045 713 1123; baseline 0.003 -22"><span class='ocrx_word' id='word_1_19' title='bbox 49 1045 154 1123; x_wconf 84' lang='lat' dir='ltr'>optimi</span> <span class='ocrx_word' id='word_1_20' title='bbox 175 1048 307 1119; x_wconf 82' lang='lat' dir='ltr'>maximi,</span> <span class='ocrx_word' id='word_1_21' title='bbox 334 1067 401 1104; x_wconf 88' lang='lat' dir='ltr'>curu</span> <span class='ocrx_word' id='word_1_22' title='bbox 423 1045 557 1120; x_wconf 80' lang='lat' dir='ltr'>historia,</span> <span class='ocrx_word' id='word_1_23' title='bbox 583 1057 647 1103; x_wconf 89' lang='lat' dir='ltr'>turn</span> <span class='ocrx_word' id='word_1_24' title='bbox 665 1045 713 1104; x_wconf 90' lang='lat' dir='ltr'>do-</span> 
     </span>
    </p>
   </div>
   <div class='ocr_carea' id='block_1_2' title="bbox 48 1160 714 1241">
    <p class='ocr_par' dir='ltr' id='par_1_2' title="bbox 48 1160 714 1241">
     <span class='ocr_line' id='line_1_5' title="bbox 48 1160 714 1241; baseline 0.002 -24"><span class='ocrx_word' id='word_1_25' title='bbox 48 1161 156 1234; x_wconf 80' lang='lat' dir='ltr'>ctrina,</span> <span class='ocrx_word' id='word_1_26' title='bbox 183 1181 270 1239; x_wconf 83' lang='lat' dir='ltr'>quarn</span> <span class='ocrx_word' id='word_1_27' title='bbox 287 1160 340 1240; x_wconf 89' lang='lat' dir='ltr'>ipsi</span> <span class='ocrx_word' id='word_1_28' title='bbox 358 1161 428 1240; x_wconf 87' lang='lat' dir='ltr'>Deo</span> <span class='ocrx_word' id='word_1_29' title='bbox 446 1161 543 1236; x_wconf 87' lang='lat' dir='ltr'>cordi,</span> <span class='ocrx_word' id='word_1_30' title='bbox 570 1182 644 1241; x_wconf 88' lang='lat' dir='ltr'>quae</span> <span class='ocrx_word' id='word_1_31' title='bbox 662 1160 714 1219; x_wconf 85' lang='lat' dir='ltr'>isse</span> 
     </span>
    </p>
   </div>
   <div class='ocr_carea' id='block_1_3' title="bbox 47 1274 715 1358">
    <p class='ocr_par' dir='ltr' id='par_1_3' title="bbox 47 1274 715 1358">
     <span class='ocr_line' id='line_1_6' title="bbox 47 1274 715 1358; baseline 0 -23"><span class='ocrx_word' id='word_1_32' title='bbox 47 1275 84 1335; x_wconf 85' lang='lat' dir='ltr'>ad</span> <span class='ocrx_word' id='word_1_33' title='bbox 99 1274 320 1354; x_wconf 75' lang='lat' dir='ltr'>propagandam</span> <span class='ocrx_word' id='word_1_34' title='bbox 338 1298 401 1336; x_wconf 88' lang='lat' dir='ltr'>earn</span> <span class='ocrx_word' id='word_1_35' title='bbox 419 1298 474 1358; x_wconf 89' lang='lat' dir='ltr'>per</span> <span class='ocrx_word' id='word_1_36' title='bbox 491 1286 583 1336; x_wconf 89' lang='lat' dir='ltr'>terras</span> <span class='ocrx_word' id='word_1_37' title='bbox 603 1287 633 1335; x_wconf 90' lang='lat' dir='ltr'>et</span> <span class='ocrx_word' id='word_1_38' title='bbox 643 1287 715 1336; x_wconf 88' lang='lat' dir='ltr'>tem·</span> 
     </span>
    </p>
   </div>
   <div class='ocr_carea' id='block_1_4' title="bbox 47 1392 720 2615">
    <p class='ocr_par' dir='ltr' id='par_1_4' title="bbox 47 1392 720 2615">
     <span class='ocr_line' id='line_1_7' title="bbox 47 1392 714 1470; baseline 0 -23"><span class='ocrx_word' id='word_1_39' title='bbox 47 1412 121 1469; x_wconf 88' lang='lat' dir='ltr'>pora</span> <span class='ocrx_word' id='word_1_40' title='bbox 140 1393 237 1449; x_wconf 85' lang='lat' dir='ltr'>omnia</span> <span class='ocrx_word' id='word_1_41' title='bbox 261 1392 413 1470; x_wconf 88' lang='lat' dir='ltr'>praeclare</span> <span class='ocrx_word' id='word_1_42' title='bbox 443 1393 560 1460; x_wconf 79' lang='lat' dir='ltr'>fecerit,</span> <span class='ocrx_word' id='word_1_43' title='bbox 587 1392 714 1467; x_wconf 84' lang='lat' dir='ltr'>deniqne</span> 
     </span>
     <span class='ocr_line' id='line_1_8' title="bbox 49 1504 714 1583; baseline -0.002 -20"><span class='ocrx_word' id='word_1_44' title='bbox 49 1515 159 1582; x_wconf 88' lang='lat' dir='ltr'>quanta</span> <span class='ocrx_word' id='word_1_45' title='bbox 174 1505 223 1563; x_wconf 84' lang='lat' dir='ltr'>hio</span> <span class='ocrx_word' id='word_1_46' title='bbox 234 1505 416 1581; x_wconf 78' lang='lat' dir='ltr'>benignitate</span> <span class='ocrx_word' id='word_1_47' title='bbox 433 1505 546 1583; x_wconf 85' lang='lat' dir='ltr'>semper</span> <span class='ocrx_word' id='word_1_48' title='bbox 559 1505 610 1562; x_wconf 91' lang='lat' dir='ltr'>sua</span> <span class='ocrx_word' id='word_1_49' title='bbox 621 1504 714 1563; x_wconf 77' lang='lat' dir='ltr'>studia</span> 
     </span>
     <span class='ocr_line' id='line_1_9' title="bbox 49 1617 716 1697; baseline 0.001 -22"><span class='ocrx_word' id='word_1_50' title='bbox 49 1619 86 1675; x_wconf 86' lang='lat' dir='ltr'>ad</span> <span class='ocrx_word' id='word_1_51' title='bbox 99 1617 301 1696; x_wconf 81' lang='lat' dir='ltr'>promovenda</span> <span class='ocrx_word' id='word_1_52' title='bbox 318 1639 371 1697; x_wconf 87' lang='lat' dir='ltr'>per</span> <span class='ocrx_word' id='word_1_53' title='bbox 388 1618 483 1675; x_wconf 85' lang='lat' dir='ltr'>sisium</span> <span class='ocrx_word' id='word_1_54' title='bbox 498 1619 631 1675; x_wconf 86' lang='lat' dir='ltr'>instituta</span> <span class='ocrx_word' id='word_1_55' title='bbox 649 1638 716 1676; x_wconf 47' lang='lat' dir='ltr'>con*</span> 
     </span>
     <span class='ocr_line' id='line_1_10' title="bbox 48 1732 716 1812; baseline 0 -20"><span class='ocrx_word' id='word_1_56' title='bbox 48 1734 132 1792; x_wconf 86' lang='lat' dir='ltr'>serat.</span> <span class='ocrx_word' id='word_1_57' title='bbox 172 1732 255 1812; x_wconf 79' lang='lat' dir='ltr'>Quae</span> <span class='ocrx_word' id='word_1_58' title='bbox 266 1753 356 1810; x_wconf 84' lang='lat' dir='ltr'>quum</span> <span class='ocrx_word' id='word_1_59' title='bbox 370 1734 413 1791; x_wconf 92' lang='lat' dir='ltr'>ita</span> <span class='ocrx_word' id='word_1_60' title='bbox 424 1734 494 1807; x_wconf 85' lang='lat' dir='ltr'>sint,</span> <span class='ocrx_word' id='word_1_61' title='bbox 514 1755 613 1792; x_wconf 89' lang='lat' dir='ltr'>nonne</span> <span class='ocrx_word' id='word_1_62' title='bbox 627 1735 716 1792; x_wconf 88' lang='lat' dir='ltr'>etiarn</span> 
     </span>
     <span class='ocr_line' id='line_1_11' title="bbox 49 1847 716 1926; baseline 0.001 -19"><span class='ocrx_word' id='word_1_63' title='bbox 49 1848 186 1907; x_wconf 73' lang='lat' dir='ltr'>historiae</span> <span class='ocrx_word' id='word_1_64' title='bbox 206 1847 412 1906; x_wconf 85' lang='lat' dir='ltr'>ecclesiasticae</span> <span class='ocrx_word' id='word_1_65' title='bbox 428 1849 619 1926; x_wconf 84' lang='lat' dir='ltr'>scriptoribus</span> <span class='ocrx_word' id='word_1_66' title='bbox 632 1849 716 1908; x_wconf 84' lang='lat' dir='ltr'>rneri-</span> 
     </span>
     <span class='ocr_line' id='line_1_12' title="bbox 50 1961 716 2040; baseline -0.003 -20"><span class='ocrx_word' id='word_1_67' title='bbox 50 1975 82 2020; x_wconf 95' lang='lat' dir='ltr'>to</span> <span class='ocrx_word' id='word_1_68' title='bbox 104 1961 293 2018; x_wconf 86' lang='lat' dir='ltr'>tribuendum</span> <span class='ocrx_word' id='word_1_69' title='bbox 318 1962 357 2018; x_wconf 85' lang='lat' dir='ltr'>est</span> <span class='ocrx_word' id='word_1_70' title='bbox 386 1961 463 2019; x_wconf 86' lang='lat' dir='ltr'>idern</span> <span class='ocrx_word' id='word_1_71' title='bbox 487 1983 611 2035; x_wconf 81' lang='lat' dir='ltr'>nornen,</span> <span class='ocrx_word' id='word_1_72' title='bbox 637 1962 716 2040; x_wconf 89' lang='lat' dir='ltr'>quod</span> 
     </span>
     <span class='ocr_line' id='line_1_13' title="bbox 51 2074 717 2145; baseline -0.002 -11"><span class='ocrx_word' id='word_1_73' title='bbox 51 2076 184 2134; x_wconf 86' lang='lat' dir='ltr'>omuibus</span> <span class='ocrx_word' id='word_1_74' title='bbox 209 2076 329 2133; x_wconf 86' lang='lat' dir='ltr'>omnino</span> <span class='ocrx_word' id='word_1_75' title='bbox 351 2075 494 2133; x_wconf 84' lang='lat' dir='ltr'>historicis</span> <span class='ocrx_word' id='word_1_76' title='bbox 512 2074 620 2145; x_wconf 86' lang='lat' dir='ltr'>indidit</span> <span class='ocrx_word' id='word_1_77' title='bbox 638 2076 717 2134; x_wconf 86' lang='lat' dir='ltr'>Sicu-</span> 
     </span>
     <span class='ocr_line' id='line_1_14' title="bbox 50 2190 718 2271; baseline 0 -24"><span class='ocrx_word' id='word_1_78' title='bbox 50 2192 95 2248; x_wconf 85' lang='lat' dir='ltr'>lus</span> <span class='ocrx_word' id='word_1_79' title='bbox 108 2191 160 2248; x_wconf 82' lang='lat' dir='ltr'>isse</span> <span class='ocrx_word' id='word_1_80' title='bbox 172 2190 338 2263; x_wconf 77' lang='lat' dir='ltr'>DiodornS,</span> <span class='ocrx_word' id='word_1_81' title='bbox 363 2191 490 2248; x_wconf 86' lang='lat' dir='ltr'>numinis</span> <span class='ocrx_word' id='word_1_82' title='bbox 504 2212 553 2248; x_wconf 92' lang='lat' dir='ltr'>eos</span> <span class='ocrx_word' id='word_1_83' title='bbox 565 2190 718 2271; x_wconf 77' lang='lat' dir='ltr'>appellans</span> 
     </span>
     <span class='ocr_line' id='line_1_15' title="bbox 50 2305 719 2384; baseline -0.004 -19"><span class='ocrx_word' id='word_1_84' title='bbox 50 2306 217 2365; x_wconf 74' lang='lat' dir='ltr'>ministros?</span> <span class='ocrx_word' id='word_1_85' title='bbox 247 2305 332 2364; x_wconf 82' lang='lat' dir='ltr'>Alter</span> <span class='ocrx_word' id='word_1_86' title='bbox 353 2315 465 2377; x_wconf 82' lang='lat' dir='ltr'>autern,</span> <span class='ocrx_word' id='word_1_87' title='bbox 498 2326 585 2383; x_wconf 88' lang='lat' dir='ltr'>quern</span> <span class='ocrx_word' id='word_1_88' title='bbox 603 2307 656 2384; x_wconf 89' lang='lat' dir='ltr'>ipsi</span> <span class='ocrx_word' id='word_1_89' title='bbox 675 2326 719 2362; x_wconf 88' lang='lat' dir='ltr'>ca-</span> 
     </span>
     <span class='ocr_line' id='line_1_16' title="bbox 51 2420 719 2501; baseline 0 -24"><span class='ocrx_word' id='word_1_90' title='bbox 51 2441 117 2480; x_wconf 89' lang='lat' dir='ltr'>rum</span> <span class='ocrx_word' id='word_1_91' title='bbox 127 2432 349 2501; x_wconf 84' lang='lat' dir='ltr'>praeceptorem</span> <span class='ocrx_word' id='word_1_92' title='bbox 359 2441 543 2493; x_wconf 78' lang='lat' dir='ltr'>venerantur,</span> <span class='ocrx_word' id='word_1_93' title='bbox 563 2420 647 2479; x_wconf 86' lang='lat' dir='ltr'>nullo</span> <span class='ocrx_word' id='word_1_94' title='bbox 658 2441 719 2479; x_wconf 89' lang='lat' dir='ltr'>non</span> 
     </span>
     <span class='ocr_line' id='line_1_17' title="bbox 53 2534 720 2615; baseline 0.003 -24"><span class='ocrx_word' id='word_1_95' title='bbox 53 2536 128 2612; x_wconf 79' lang='lat' dir='ltr'>grati</span> <span class='ocrx_word' id='word_1_96' title='bbox 140 2537 267 2615; x_wconf 87' lang='lat' dir='ltr'>pectoris</span> <span class='ocrx_word' id='word_1_97' title='bbox 281 2535 363 2593; x_wconf 84' lang='lat' dir='ltr'>austu</span> <span class='ocrx_word' id='word_1_98' title='bbox 374 2534 601 2609; x_wconf 78' lang='lat' dir='ltr'>observandum,</span> <span class='ocrx_word' id='word_1_99' title='bbox 621 2535 653 2592; x_wconf 88' lang='lat' dir='ltr'>in</span> <span class='ocrx_word' id='word_1_100' title='bbox 669 2555 720 2593; x_wconf 91' lang='lat' dir='ltr'>no·</span> 
     </span>
    </p>
   </div>
   <div class='ocr_carea' id='block_1_5' title="bbox 53 2649 722 2728">
    <p class='ocr_par' dir='ltr' id='par_1_5' title="bbox 53 2649 722 2728">
     <span class='ocr_line' id='line_1_18' title="bbox 53 2649 722 2728; baseline 0 -22"><span class='ocrx_word' id='word_1_101' title='bbox 53 2650 163 2706; x_wconf 72' lang='lat' dir='ltr'>sissinio</span> <span class='ocrx_word' id='word_1_102' title='bbox 184 2651 260 2708; x_wconf 84' lang='lat' dir='ltr'>iibro</span> <span class='ocrx_word' id='word_1_103' title='bbox 273 2651 310 2727; x_wconf 83' lang='lat'>²),</span> <span class='ocrx_word' id='word_1_104' title='bbox 337 2649 527 2728; x_wconf 84' lang='lat' dir='ltr'>amplioribus</span> <span class='ocrx_word' id='word_1_105' title='bbox 546 2651 622 2706; x_wconf 89' lang='lat' dir='ltr'>hanc</span> <span class='ocrx_word' id='word_1_106' title='bbox 641 2650 722 2706; x_wconf 84' lang='lat' dir='ltr'>suan</span> 
     </span>
    </p>
   </div>
   <div class='ocr_carea' id='block_1_6' title="bbox 106 2821 726 2884">
    <p class='ocr_par' dir='ltr' id='par_1_6' title="bbox 106 2821 726 2884">
     <span class='ocr_line' id='line_1_19' title="bbox 106 2821 726 2884; baseline 0.008 -24"><span class='ocrx_word' id='word_1_107' title='bbox 106 2825 126 2872; x_wconf 77' lang='lat' dir='ltr'>a)</span> <span class='ocrx_word' id='word_1_108' title='bbox 142 2821 252 2863; x_wconf 78' lang='lat' dir='ltr'>Neaucsers</span> <span class='ocrx_word' id='word_1_109' title='bbox 264 2823 479 2884; x_wconf 74' lang='lat' dir='ltr'>Deuhwrirdigheiteu</span> <span class='ocrx_word' id='word_1_110' title='bbox 494 2839 531 2865; x_wconf 82' lang='lat' dir='ltr'>nus</span> <span class='ocrx_word' id='word_1_111' title='bbox 546 2825 583 2865; x_wconf 79' lang='lat' dir='ltr'>der·</span> <span class='ocrx_word' id='word_1_112' title='bbox 603 2825 726 2880; x_wconf 80' lang='lat' dir='ltr'>Gestbiesrte</span> 
     </span>
    </p>
   </div>
   <div class='ocr_carea' id='block_1_7' title="bbox 0 0 834 3011">
    <p class='ocr_par' dir='ltr' id='par_1_7' title="bbox 0 0 834 3011">
     <span class='ocr_line' id='line_1_20' title="bbox 0 0 834 3011; baseline 0 0"><span class='ocrx_word' id='word_1_113' title='bbox 0 0 834 3011; x_wconf 95' lang='lat' dir='ltr'> </span> 
     </span>
    </p>
   </div>
  </div>
 </body>
</html>
