1641 3011
339 109 382 162 135

29 263 71 306 re,
95 258 171 312 quam
181 236 365 297 modestiffime,
386 238 504 288 comitem
517 238 690 289 admonerent.

30 334 140 403 Quibus,
159 324 247 385 illum,
259 325 277 374 st
288 328 317 375 in
326 321 419 372 misero
431 325 564 376 liberando
568 322 601 397 se
613 323 693 397 ipsum

28 412 141 491 oicrffet,
168 428 284 479 magnam
305 408 374 475 apud
388 412 474 468 Deum
495 413 602 476 gratiam
619 411 692 460 liebi-

30 514 116 557 turum
138 494 333 555 affirmantibus,
356 494 518 563 licet{primo
530 499 602 547 enixe
616 497 692 547 obsti-

29 588 97 644 terit,
124 585 226 636 tandem
254 593 283 634 eo
307 582 445 650 perductus
468 583 515 645 est,
543 597 573 650 ut
591 585 692 653 lachry-

26 688 98 726 mans
110 672 179 722 hisce
194 670 337 739 apostolum
348 670 433 720 verbis
446 671 549 731 adierit:
565 677 617 730 En,
635 673 691 722 san-

27 757 126 809 ctilsnne
140 770 223 827 pater,
241 759 270 806 in
286 757 331 806 ista
348 773 450 822 quoque
467 755 589 823 Petitione
603 762 690 809 Deum

25 862 111 895 meum
129 857 153 894 et
169 857 206 903 te,
224 843 328 893 servum
343 846 412 902 eius,
433 844 574 894 honorabo.
609 847 691 912 Quin·

25 934 117 992 immo,
140 949 187 999 pro
203 932 309 980 nomine
323 931 431 981 Domini
446 930 497 980 mei
508 929 577 990 Iesu,
596 947 690 998 corpus

24 1036 112 1070 meum
124 1028 149 1067 et
160 1020 246 1068 omnia
257 1035 325 1077 meo,
344 1016 362 1066 st
375 1017 439 1066 tatio
451 1017 629 1084 postulaverit,
648 1018 691 1067 de·

22 1117 97 1156 votus
125 1106 317 1173 impendam!“·
339 1106 431 1169 Neque
456 1104 522 1153 diota
542 1104 690 1155 defecerunt

23 1191 95 1245 facta.

71 1279 152 1330 Cuius
165 1287 189 1324 et
200 1277 263 1325 alios
273 1276 417 1342 complures
426 1278 571 1342 exemplum
578 1277 691 1325 imitato·

22 1379 63 1414 res
77 1362 174 1427 ltabuit.
204 1362 333 1412 Othonem
350 1372 435 1411 autem
447 1363 610 1428 Gutzegovia,
628 1363 689 1410 ulti-

22 1467 64 1498 ma
75 1451 140 1507 vioe,
158 1449 277 1498 Serenam
289 1447 462 1514 commigrasse
474 1450 590 1514 legimus.
610 1451 693 1515 Quam

22 1535 127 1594 urbem,
150 1535 265 1585 trucibus
284 1533 452 1601 iampridem,
474 1519 553 1600 prout
568 1533 691 1592 vidimus,

23 1623 121 1671 civium
137 1622 253 1671 moribus
265 1620 458 1679 difficillimam,
477 1639 547 1670 nuno
559 1621 691 1687 temporis,

22 1708 142 1757 derelicta
169 1706 239 1767 fide,
270 1707 419 1758 Christianis
444 1708 487 1758 vel
516 1704 691 1766 infensiorem,

23 1811 104 1859 quum
125 1793 178 1852 sui,
205 1822 237 1829 -
259 1804 283 1842 et
303 1794 400 1859 ipsum,
430 1805 460 1842 ut
482 1804 582 1841 certum
601 1795 691 1859 capitis

24 1881 172 1947 periculum
183 1879 314 1939 devitaret,
326 1878 417 1928 misere
428 1878 577 1946 flagitantes,
590 1907 623 1914 -
639 1879 697 1928 udi·¹

23 1960 55 2016 re
66 1967 197 2022 timerent,
222 1965 297 2015 senex
310 1967 352 2014 vir
368 1967 445 2025 clam,
468 1977 560 2025 noctu,
582 1966 651 2016 solus
663 1967 693 2015 in

22 2055 91 2102 niem
105 2052 130 2101 se
147 2050 240 2101 dedisse
256 2051 339 2102 fertur
356 2054 403 2116 ¹84).
444 2056 527 2122 Quem
548 2048 629 2117 quum
651 2054 694 2103 illi

21 2157 93 2199 mox,
110 2138 210 2206 pudore
222 2136 310 2189 suffusi
320 2139 430 2189 insecuti
441 2138 524 2201 essent,
541 2141 645 2191 homini
655 2140 693 2189 nil

21 2229 101 2293 magis
119 2226 192 2276 cordi
210 2238 274 2286 erat,
297 2244 373 2291 quam
391 2245 424 2277 ne
439 2229 534 2279 iterum
552 2227 583 2278 de
599 2246 693 2295 propo-

21 2313 68 2363 fito
94 2329 153 2362 eum
179 2311 306 2379 depellere
329 2325 487 2363 conarentur.
532 2315 632 2364 Postero
649 2332 693 2362 au-

21 2410 74 2448 tem
98 2399 140 2449 die
169 2397 200 2447 ad
227 2416 311 2448 unum
338 2397 425 2447 omnes
449 2400 573 2450 Sedinum
595 2399 694 2466 adpulsi

21 2484 86 2547 sunt.
125 2488 221 2536 Verum
239 2486 309 2534 enim
328 2501 389 2535 veto
404 2496 459 2535 ,tam
475 2487 514 2537 ibi
536 2484 693 2537 inuenerunt

23 2610 176 2625 -...,.......

77 2682 121 2731 184)
136 2680 240 2734 Anonym.
255 2679 320 2721 Canis.
335 2681 373 2733 tn,
389 2695 417 2722 ιι.
436 2696 482 2736 pag.
498 2690 529 2730 82.
548 2681 609 2722 Andr.
626 2681 692 2723 Gret[‚

23 2753 77 2811 apud
92 2754 137 2794 Sur.
152 2754 189 2806 ΙΙΙ,
206 2765 236 2807 15.
251 2768 296 2809 pag.
312 2755 343 2795 66.
