1641 3011
386 119 418 160 111

70 245 124 304 bus
143 239 210 300 solis
228 238 375 320 impulsus,
397 239 541 322 apostolus
553 237 734 300 Herculeum

71 372 165 441 suurn,
185 368 252 426 Deo
273 367 420 441 adiutore,
446 368 572 445 suscepit
591 375 621 425 et
639 363 734 443 perse-

74 495 115 552 cit
133 495 278 569 laborent,
290 496 410 553 sanctos
428 494 572 565 stimulos,
592 492 736 550 sincerum

73 619 194 680 dicimus
215 633 244 681 et
261 624 433 701 flagrantem
453 620 561 679 Christi
579 618 735 679 servatoris

76 770 218 824 amorem,
252 752 349 811 odiose
373 760 516 830 ultorque
536 748 615 808 rnole
633 747 736 804 libera-

74 884 151 952 tum,
171 879 262 955 inagis
280 877 451 959 aperiamus,

149 1005 317 1078 Praeterea,
344 1039 380 1048 -
404 1014 438 1062 ut
463 1002 498 1063 de
528 1002 587 1062 illis
616 1012 740 1074 taceam,

76 1151 164 1209 quae,
191 1153 258 1189 cunr
289 1101 353 1189 eliis
378 1130 462 1189 libris
487 1128 741 1188 historico-‘ecole-

75 1223 218 1329 liasticisJ
234 1269 298 1316 turn
310 1306 312 1311 .
323 1258 481 1316 maioribus
501 1259 675 1315 Sanctorum
699 1255 740 1313 vi-

76 1393 173 1441 torum
193 1382 424 1455 collectionibus,
446 1382 527 1439 aditu
549 1381 741 1455 difficillimis,

77 1509 201 1566 insertae
221 1508 423 1588 reperientur,
443 1542 479 1551 -
499 1507 537 1565 1111
555 1508 612 1566 hoc
624 1519 741 1587 tenipus

79 1636 193 1695 seorsim
217 1636 295 1714 typis
321 1635 440 1694 excusae
465 1635 578 1714 aliquot
601 1637 636 1695 de
654 1637 742 1697 rebus

80 1763 206 1821 Othonis
217 1762 387 1842 scriptiones
396 1773 460 1819 turn
471 1783 553 1821 rarae
563 1764 669 1839 sactae,
678 1776 742 1823 tum

79 1888 142 1946 sere
168 1890 245 1960 eius,
271 1888 367 1966 quoad
388 1888 513 1955 sormam
538 1883 568 1945 et
592 1891 743 1966 volumen,

82 2014 148 2071 sunt
160 2012 277 2088 indolis,
295 2024 329 2072 ut
347 2035 507 2096 pairoorurn
519 2025 635 2076 tanturn
646 2018 744 2079 usibus

82 2141 222 2200 inservire
241 2142 354 2221 possint.
394 2144 524 2225 Quarum
543 2143 647 2218 instar,
667 2147 747 2205 utin

84 2269 181 2326 nostro
207 2288 323 2348 quoque
347 2271 405 2330 sine
430 2270 629 2348 persequendo
654 2270 748 2329 latina

84 2392 186 2472 lingue
204 2406 366 2469 uterentur,
386 2396 474 2454 iustae
494 2397 644 2456 suaserunt
662 2398 749 2456 ratio·

39 2560 41 2565 .
86 2541 151 2594 nes,
179 2545 249 2602 quas
269 2523 393 2600 lingulas
412 2524 577 2596 recensere,
596 2525 683 2585 liuius
702 2546 750 2584 nes

88 2668 144 2726 que
163 2647 238 2722 loci,
258 2672 352 2729 neque
371 2651 511 2731 temporis
531 2652 561 2710 es
572 2697 577 2713 ,-
