1641 3011
392 181 423 217 XI

81 300 282 365 Pomeraniam
312 300 400 357 tantis
434 298 619 356 cumularunt
647 297 745 357 imme-

54 469 55 477 κ
82 432 132 492 riti
158 429 263 486 amoris
289 427 486 497 documentiS,
516 426 648 503 pus'llam
667 428 744 486 hauc

82 558 288 635 scriptionem,
322 566 471 632 tamquam
503 552 638 628 exiguum
669 554 747 632 grati

84 683 173 741 animi
191 692 426 752 monumentum,
451 678 592 754 imprimis
611 679 746 738 volumus

83 810 211 888 probari.

159 938 246 1019 Quod
270 897 415 1014 reiiquum
435 934 489 1006 est,
514 932 624 1011 siquid
650 935 697 992 vel
717 936 747 994 in

85 1067 221 1138 materia,
252 1065 299 1121 rel
325 1064 356 1118 in
374 1061 470 1118 forma
489 1061 687 1138 peccavimus,
709 1073 749 1119 et-

86 1191 106 1246 si
123 1192 263 1265 uirorum,
284 1190 367 1247 nobis
389 1187 568 1259 doctiorum,
592 1188 750 1266 castigatio·

86 1335 137 1372 nes
156 1315 294 1372 lubenter
314 1325 344 1371 et
368 1336 429 1372 non
452 1314 510 1370 sine
533 1313 626 1370 multa
645 1317 753 1390 gratin-⁸

85 1462 151 1499 rum
171 1443 286 1500 actione
305 1441 442 1511 subituri,
468 1439 500 1495 in
518 1440 685 1499 universum
707 1453 749 1500 ta·

85 1588 154 1625 men
172 1568 317 1626 lectorum
340 1566 457 1622 veniam
482 1583 631 1641 rogamus,
661 1588 752 1646 quum

86 1704 114 1750 et
138 1694 216 1751 inter
241 1690 426 1749 scribendum
450 1701 514 1747 tum
536 1693 656 1766 morbo,
683 1664 751 1753 tum

88 1819 188 1877 multis
219 1819 344 1896 negotiis
371 1817 499 1874 distracti
523 1818 679 1894 fuerimus,
712 1833 750 1895 et,

88 1968 142 2024 per
160 1948 282 2023 longum
300 1956 415 2023 tempus
433 1943 549 2021 lougius
570 1967 586 2003 a
604 1948 688 2025 prelo
708 1970 751 2007 re-

87 2073 175 2145 moti,
206 2071 392 2151 imprimendi
412 2091 511 2128 curam
539 2072 591 2149 ipsi
612 2094 648 2130 ex
667 2087 752 2162 parte

89 2208 206 2256 tantum
236 2199 373 2256 sustinere
404 2176 598 2275 potuerimus,
629 2200 754 2279 denique

90 2346 198 2404 purum
216 2336 303 2404 atque
322 2324 471 2382 illibatum
493 2324 643 2384 scribendi
663 2348 753 2405 genus

91 2452 123 2507 in
141 2452 249 2510 talibus
271 2451 360 2509 medii
386 2451 450 2508 aevi
474 2451 683 2529 stribiiginibus
710 2477 755 2513 oc·

93 2590 200 2653 cuputo
214 2578 419 2637 difficillimum
432 2577 466 2633 sit
485 2578 607 2637 seruare.
636 2583 756 2641 Praeter

95 2702 300 2764 chronicorum
329 2705 497 2784 scriptume,
528 2705 664 2767 ecclesiae
690 2731 758 2789 quo-
