1641 3011
425 95 455 142 78

56 249 58 252 <
98 213 201 284 'Orbem
215 220 363 270 universnm
372 219 521 272 Christianis
533 224 632 291 legibus
645 223 767 281 deditum,

95 307 131 357 ‘se
141 307 208 357 solos
219 308 377 359 universitati
390 307 498 358 resistere
509 325 563 360 non
574 307 684 379 possess).
709 311 770 379 Qui-

105 433 257 442 -ι--ι--ι-ι

106 503 195 555 abducta
213 524 234 555 et
249 508 275 554 in
292 513 409 568 periculosis
426 514 526 556 Posoniae
545 513 595 554 locis
610 515 729 568 constituta,
747 526 771 556 ut

107 590 142 630 sua
159 575 281 629 fortitudine
300 577 324 627 ab
343 596 461 628 exterorum
478 588 554 628 insultu
572 587 717 631 defensarent.“
731 591 771 629 Bn-

105 659 169 717 'genh
183 670 215 715 85.

161 738 193 787 oo)
211 738 250 786 Iis,
270 738 304 790 qui
322 737 394 776 talium
410 736 526 776 orationum
540 736 624 777 anobis
638 737 772 797 adductarum

107 811 170 852 iidem
190 813 223 852 ves
242 812 327 851 omnino
346 812 370 850 in
388 810 476 851 dubium
495 811 586 852 vocaturi
604 812 652 863 sint,
671 813 703 854 ves
716 813 773 855 hisee

109 896 164 926 certe
179 885 301 925 Othonianis
320 897 363 924 non
381 884 482 925 maiorem
497 885 586 927 Livianis
600 886 726 928 orationibus
746 898 775 928 at*-

107 959 238 1000 tribuendam
261 957 366 1007 censeant,
390 955 440 999 haec
459 958 572 1011 reputanda
595 962 773 1004 commendamus:

106 1035 155 1083 Nos,
171 1031 310 1080 seiunctis,
326 1032 352 1071 sie
365 1031 526 1071 incantionibus
538 1042 623 1085 quoque,
639 1034 704 1082 dietis,
719 1036 774 1075 sitte-

107 1101 142 1156 ris,
155 1107 187 1146 ves
199 1106 358 1145 narratiunculis
370 1104 495 1155 exhibendis,
505 1105 624 1160 pierumque
634 1108 699 1147 secuti
709 1107 776 1148 sumus

108 1181 202 1221 Andreae
217 1176 294 1218 abbatis
309 1180 332 1218 de
348 1181 387 1218 vita
401 1178 486 1218 Othonis
500 1178 583 1227 librum,
599 1181 717 1221 aGretsero
733 1183 775 1222 edi-

107 1264 151 1295 tum
163 1263 222 1307 atque
232 1255 254 1292 in
267 1253 326 1291 Laus.
334 1253 389 1292 Sunii
400 1253 452 1292 libio
465 1254 488 1294 de
499 1251 587 1307 probatis
600 1253 717 1295 sanctorum
728 1257 774 1296 vitis

108 1330 153 1371 Cos,
165 1330 211 1382 Agr.
226 1327 281 1376 1618,
296 1326 331 1366 snb
342 1326 481 1376 menelotio,
496 1327 545 1368 inde
556 1340 593 1381 ap.
605 1342 636 1379 51.
652 1329 774 1370 exhibitum.

106 1406 125 1445 Is
137 1416 268 1456 anonymum,
283 1415 330 1441 cnm
341 1415 351 1441 a
363 1402 433 1442 mostis
444 1401 502 1455 saepe
512 1401 624 1451 laudatum,
639 1412 684 1442 tum
696 1404 775 1443 anobis

108 1493 187 1531 quoque
198 1477 267 1516 seduso
279 1478 381 1525 cessatum,
398 1486 599 1529 contemporaneum,
615 1478 733 1526 uincetur,
747 1480 775 1517 vi·

106 1562 139 1591 tae
150 1551 237 1590 Othonis
253 1551 378 1603 scriptorem,
394 1560 416 1589 ut
430 1551 471 1604 ipse
485 1551 516 1589 his
531 1551 573 1589 fere
586 1552 650 1603 verbis
664 1552 685 1589 in
696 1553 754 1604 praes
766 1576 774 1583 -

106 1627 163 1664 tione
182 1625 230 1663 libri
249 1624 346 1672 affirmat,
372 1625 408 1673 „in
431 1625 481 1662 iocis
501 1624 622 1676 quibusdam
639 1627 668 1664 ita
686 1625 770 1665 iniirmo

106 1699 223 1738 intellectui
247 1698 367 1747 obscurum,
395 1705 418 1735 ut
439 1697 523 1736 dissicise
542 1688 621 1749 pateat,
646 1711 685 1751 qno
706 1700 771 1739 oratio

107 1772 187 1822 tendat,
211 1780 230 1811 et
249 1773 272 1811 in
290 1772 397 1811 nonnuliis
418 1772 468 1811 soeis
488 1786 499 1810 a
517 1772 537 1810 se
555 1773 597 1826 ipso
616 1773 770 1826 discrepantem,

105 1848 203 1902 apertiori
221 1846 321 1886 sententia
340 1846 428 1885 reserate
446 1846 541 1885 studuit.“
575 1847 670 1898 Quorum
688 1856 773 1900 uterque

105 1923 159 1963 unde
178 1921 213 1961 sua
230 1929 249 1960 et
267 1935 304 1974 qua
322 1921 362 1960 side
381 1921 466 1959 traxerit
481 1921 516 1960 ees.
529 1910 633 1960 Mohnike
648 1933 683 1959 sne
699 1921 773 1960 melius

107 1996 199 2044 docebit,
218 1997 240 2033 in
260 1995 370 2034 doctissimo
389 1995 515 2047 praefatione
529 1994 589 2043 libai,
611 1997 647 2046 qui
660 1995 771 2047 inscriptus

107 2069 144 2109 est:
165 2069 322 2118 ‚Asai-motandi
342 2057 457 2124 Saflroizen
471 2066 608 2105 Herdommen
630 2067 709 2107 Genera
728 2070 770 2108 zmd

105 2139 175 2194 Lanff
181 2144 251 2198 sesnes
260 2153 352 2194 gantzen
362 2140 443 2179 Lebens
455 2154 495 2179 von
506 2141 548 2178 ilzm
554 2140 617 2196 [essese
629 2141 768 2197 dejcdrieben.

106 2231 123 2257 1.
134 2216 173 2257 Th.
186 2216 279 2257 Greisssv.
292 2224 348 2267 1825.
363 2213 395 2253 his
410 2213 456 2267 ipsis
471 2213 542 2254 diebus
555 2228 565 2253 e
576 2214 631 2268 preso
642 2216 768 2269 prodeuntis,

104 2304 149 2343 pag.
165 2305 195 2342 17.
209 2293 238 2331 ita
251 2292 341 2330 locutus:
361 2289 421 2338 „Das
437 2291 499 2330 seidea
513 2290 586 2329 temen
603 2289 700 2343 Zweises,‘
720 2292 769 2344 desc

105 2364 225 2420 clupeam,
248 2381 291 2405 was
314 2367 349 2405 die
368 2363 564 2421 Zeitgenossen
597 2366 654 2405 Ottos
680 2364 768 2420 Sifrz'ed,

106 2422 177 2481 Tiemo
191 2442 234 2481 tend
243 2441 300 2480 Ebbo
315 2442 357 2480 send
370 2442 403 2480 ein
416 2439 512 2494 geiczsser
522 2440 621 2480 Herbord
636 2439 768 2493 atff'gezeicss·

104 2520 140 2556 net
153 2516 238 2565 stetten,
257 2517 297 2569 oft
316 2518 362 2556 mit
377 2516 522 2570 desselben
540 2514 654 2561 Worten,
673 2525 767 2556 nantens-
816 2539 818 2541 ·

104 2590 147 2631 sicle
159 2605 205 2633 vom
221 2580 317 2632 Andreas
332 2591 490 2633 wiedererzd'dst
504 2580 588 2629 worden
602 2589 648 2645 ist.“
681 2588 708 2643 [E
724 2590 768 2642 qui-

104 2661 151 2711 bus,
165 2687 190 2694 -—
208 2665 327 2713 adiicimus,
341 2687 367 2695 -·
387 2678 440 2704 unus
459 2673 479 2704 et
497 2664 558 2711 aster,
576 2663 648 2703 saltem
666 2664 688 2703 in
704 2663 766 2711 surii,

104 2745 165 2791 quern
183 2738 245 2779 sesam
262 2740 310 2793 ipsis
327 2741 387 2781 nobis
401 2737 524 2792 inspiciendi
539 2740 597 2791 copia
612 2747 665 2786 erat,
687 2737 766 2778 Grene
