1641 3011
336 173 337 178 ἵ
409 122 428 157 x

166 237 336 312 Caeterum,
362 250 396 297 ut
415 261 482 312 uos,
510 253 596 317 geute
621 265 681 301 nou
699 242 750 300 Po·
800 288 802 291 v

90 368 225 440 meram,
261 378 359 426 tameu
395 368 463 426 huic
501 366 596 428 labori
626 372 752 429 nostram

91 495 331 575 qualemcumque
362 516 481 573 operam
495 481 750 573 impenderemus,

89 632 295 702 praeterquam
315 622 393 702 quod
409 621 604 701 apostolorum
622 625 690 682 vitis
710 626 751 681 iu-

90 747 206 806 tuemlis
237 748 349 828 semper
379 750 484 807 mirum
511 761 651 826 quantum
677 749 751 808 dele-

91 877 162 932 ctati
180 876 284 946 sumus,
307 876 339 933 id
356 878 478 934 maxime
497 878 652 954 permovit
672 876 750 954 quod

88 1022 182 1081 nuper
202 1002 314 1081 aliquot
333 1004 443 1061 meuses
466 1004 496 1061 iu
514 1005 685 1060 Pomerauia
706 1002 750 1061 de·

25 1149 27 1151 ·
89 1128 197 1205 gimus‚
217 1129 269 1187 ubi
288 1151 360 1207 quos
380 1130 521 1189 adivimus
542 1129 641 1188 doctos
661 1130 749 1202 uiroc,

88 1254 282 1314 bibliothecas
307 1258 385 1329 luas,
414 1257 549 1323 historiae
575 1242 751 1334 potissimum

88 1378 235 1459 praesidiis
261 1380 429 1453 afflueriteS‚
459 1384 583 1439 maxima
608 1382 692 1440 uobis
717 1383 749 1439 li-
798 1410 800 1413 ·

87 1506 242 1589 beralitate
268 1517 453 1585 aperueruut.
499 1508 578 1586 Quos
604 1508 682 1569 iuter
707 1508 748 1564 ill.

89 1633 250 1692 domiuum
266 1633 301 1690 ab
322 1634 424 1706 Osteu,
450 1634 482 1690 iu
500 1633 585 1705 villa,
614 1654 670 1711 qua
688 1634 750 1690 Pla-

86 1760 155 1819 thae
167 1805 175 1832 a
211 1760 401 1818 Pomerauiae
437 1759 586 1818 ulterioris
631 1759 747 1838 oppido,

86 1888 207 1965 gaudet,
234 1886 398 1946 Tusculano
425 1885 551 1966 quodam
572 1885 632 1944 otio
652 1885 749 1944 irueri-

85 2024 161 2088 tem‚
186 2025 217 2073 et
242 2014 293 2073 cel.
313 2015 475 2087 Proelium,
501 2014 686 2090 augustissimi
704 2035 747 2072 re·

86 2143 129 2219 gis
148 2141 293 2200 Borussiae
315 2163 332 2198 a
353 2139 478 2198 consiliis
498 2140 686 2211 scholasticis‚
706 2140 746 2217 ly·

85 2269 130 2327 cei
155 2278 186 2328 et
210 2267 349 2349 gymrmlii
375 2265 571 2323 Sediueusium
597 2266 747 2321 unitorum

86 2396 262 2454 directorem
281 2393 505 2464 meritissimum,
532 2412 593 2449 uou
612 2392 670 2449 siue
690 2411 745 2449 ma-

83 2543 139 2598 gua
159 2522 248 2581 animi
267 2519 419 2599 voluptate
438 2517 629 2577 nominamus
677 2518 745 2598 Qui-

84 2647 152 2720 bus,
183 2659 217 2705 ut
246 2646 382 2726 reliquis,
414 2646 464 2723 qui
491 2664 544 2722 per
572 2654 664 2703 totam
690 2665 743 2703 uos
806 2661 807 2666 ’
