1641 3011
405 109 449 157 too

97 233 302 300 dus'pacturum
323 230 403 285 soille.
442 237 550 296 Tamen,
573 239 647 288 certis
670 238 760 289 condi-⁴

95 321 224 380 tionibus,
241 337 322 380 nunc,
340 317 467 370 tributum
478 321 503 370 se
514 322 545 369 iis
559 325 757 374 imminuturum

94 409 224 474 polliceri;
235 407 323 468 modo,
330 418 366 467 ut,
376 409 442 457 inter
452 419 554 466 caetera,
564 421 589 457 et
599 411 759 479 belligeranti

96 493 142 544 fibi
153 493 247 543 auxilia
257 497 394 545 mitterent.
426 497 524 567 Quibus
537 494 631 547 auditis
644 509 668 548 et
679 508 757 549 caete·

94 583 130 640 ri,
149 582 207 647 qui,
225 582 285 631 licet
300 593 379 631 totam
398 584 544 634 conversam
560 582 678 635 viderent
691 602 758 633 rem..

94 668 240 734 publicam,
258 670 358 719 duriori
368 672 479 731 cervice,
497 671 529 727 ad
541 670 682 735 hocusque
695 683 758 721 tems

94 773 151 822 pus,
168 754 273 805 infracti
283 756 431 817 restiterant,
448 758 583 809 maximam
594 767 699 824 partem,
714 757 757 806 ba-

94 844 187 909 ptizari
200 843 226 890 se
237 841 294 907 passi
305 842 370 889 sunt.
403 843 459 907 Ipse
471 825 572 908 quoque
583 843 662 894 redux
676 841 757 892 factus

93 929 246 986 Dobislaus‚
267 928 338 986 licet,
362 927 447 993 primo
461 928 492 977 de
504 930 584 978 totius
596 929 687 980 domus
701 928 758 981 suae

93 1013 265 1065 conversionis
295 1014 392 1064 nuncio
415 1024 529 1080 accepto,
556 1014 705 1065 incredibili
729 1015 758 1062 in

93 1118 199 1153 uxorem
215 1111 240 1149 et
251 1098 399 1167 episcopum
415 1101 453 1151 ira
467 1098 601 1160 exarsisset,
617 1118 690 1159 mox,
707 1098 758 1149 sive

95 1187 201 1254 apostoli
209 1187 348 1235 immortali
356 1189 412 1237 Deo
424 1187 542 1252 precibus
553 1187 689 1252 largiente,
707 1184 757 1234 sive

93 1273 165 1323 ducis
177 1273 222 1322 ille
233 1272 348 1336 exemplo
359 1282 384 1320 et
393 1272 512 1323 mandato
524 1256 656 1339 permotus
669 1270 756 1329 fuerit,

92 1360 194 1411 veniam
211 1367 374 1424 peccatorum
393 1356 499 1425 supplex
516 1360 627 1424 rogavit,
645 1358 687 1420 se,
705 1374 757 1422 quo

92 1445 214 1514 temporis
228 1460 335 1494 uxorem
347 1460 360 1492 e
372 1446 499 1495 Saxonum
511 1445 586 1496 tertis
602 1455 700 1512 raptam
713 1444 756 1493 ab·

92 1533 206 1591 duxerit,
228 1531 278 1580 iam
293 1529 463 1595 baptizatum,
484 1528 527 1583 ted
542 1522 601 1582 mox
618 1529 755 1588 desectum,

92 1617 196 1673 nullum
204 1616 265 1666 inde
276 1615 391 1666 fructum
402 1614 530 1668 retinuisse
540 1615 671 1685 professus.
748 1650 751 1662 .‹

155 1707 223 1755 Tum
239 1700 379 1771 apostolus,
402 1703 454 1751 iam
473 1701 620 1772 penitissima
638 1702 682 1756 sua
697 1715 757 1754 vota

92 1801 178 1842 contra
199 1789 316 1838 omnium
339 1787 551 1853 exspectationem
574 1789 639 1836 mire
660 1791 757 1855 expleta

90 1876 200 1937 viderie,
211 1886 280 1926 totus
297 1872 390 1941 gaudio
408 1873 539 1940 perfusam,
557 1874 585 1923 in
596 1872 662 1935 foro,
680 1874 755 1926 olum:
802 1935 804 1938 Α

91 1981 185 2025 „nunu
205 1963 362 2021 exclamaret,
374 1960 405 2009 ad
416 1961 495 2019 nostri
506 1960 630 2011 sermonis
641 1958 755 2011 officium
794 1990 795 1993 =

91 2062 197 2102 ventum
209 2048 270 2099 ests‘
289 2048 421 2117 pulpitum
433 2046 616 2106 conscendens,
634 2045 667 2097 fic
678 2046 756 2095 verba

91 2133 177 2189 secisse
195 2133 288 2186 dicitur
299 2133 353 2197 ¹¹¹):
376 2132 505 2193 „Gaudete
522 2132 550 2183 iu
562 2132 676 2184 Domino
690 2132 755 2183 sem·

90 2242 149 2293 per,
175 2222 270 2271 iterum
283 2220 355 2278 dico,
379 2216 491 2287 gaudete.
530 2217 653 2270 Modestia
666 2219 754 2280 vestra,

91 2310 155 2363 fides
178 2319 203 2358 et
223 2304 380 2359 conversatio
403 2305 482 2357 vestra
503 2315 563 2355 nota
579 2303 608 2358 stt
624 2306 752 2358 omnibus.

89 2401 158 2452 Nam
177 2406 246 2446 totus
262 2391 374 2447 muudus
390 2410 437 2459 pro
452 2393 532 2445 vestra
546 2391 630 2441 doluit
641 2390 753 2444 infideli·

76 2487 145 2536 tate.
180 2487 261 2534 Totus
280 2479 350 2530 enim
368 2479 480 2532 mundus
492 2476 548 2549 [e]‚
566 2477 655 2529 fratres
667 2478 753 2530 carissi-

90 2607 241 2620 m

144 2679 188 2728 ιιι)
202 2679 306 2734 Anonym
328 2674 395 2718 Canis.
409 2676 435 2725 Il,
453 2690 482 2730 19.
497 2687 541 2730 pag.
557 2673 588 2726 69.
605 2674 666 2718 Andr.
688 2673 753 2715 Grets.

91 2749 145 2805 apud
160 2749 204 2791 Sur.
217 2752 244 2801 ΙΙ,
258 2765 290 2804 29.
305 2763 349 2805 pag.
365 2760 390 2805 54
403 2773 429 2781 -
443 2748 536 2809 Bugenh.
551 2760 582 2801 95.
