1641 3011
398 123 443 171 132

88 271 131 306 nes
149 251 284 306 exhibens,
309 261 405 316 quanto
423 250 473 299 srne
486 251 557 303 iliius
569 256 663 304 auxilio
677 257 700 304 [e
714 257 753 304 nil

88 324 156 409 posse
167 340 259 389 sciebat
272 338 339 403 ¹78st

152 425 241 484 Idem,
282 441 363 490 quum
389 425 567 475 Usedonrensra
599 430 755 480 haberentur

91 515 205 571 comitia,
236 532 249 562 a
270 492 463 578 Gutzegosiensr
488 515 577 562 comite
601 517 706 566 Mitzlao
728 518 757 564 in

92 601 198 668 gratiam
221 601 408 662 amicitiamque
431 610 561 663 receptus,
589 600 668 667 ipsam
693 603 759 651 hane

93 705 156 745 rem,
170 689 199 735 in
209 683 377 751 praedicando
391 682 437 740 ibi,
452 700 545 746 magno
559 685 606 735 fibi
619 685 673 735 sore
687 687 758 735 aditi-

93 783 181 823 mento
197 783 277 827 ratus,
299 784 359 816 nrox
373 765 563 835 Gutaegooium
576 772 616 831 179)
628 772 760 834 profectus

95 859 135 907 est,
169 848 282 907 Multum
303 855 341 903 ibi
361 854 442 911 cives,
470 872 502 902 ne
522 856 655 920 putatu-am
677 856 760 904 idolo-

95 961 153 994 rum
182 941 269 990 aedem
292 940 422 998 dirueret,
457 940 501 989 sed
525 941 653 990 lustratam
675 943 762 1009 potius

96 1030 195 1080 Christo
209 1029 317 1087 dicaret,
335 1028 482 1093 rogitabant.
516 1028 698 1076 Nihilominus
710 1032 762 1094 epi·
799 1021 802 1025 ’

98 1115 202 1180 scopus,
224 1133 256 1162 ne
275 1114 307 1162 src
325 1112 461 1177 anquando
474 1112 573 1163 Christo
586 1114 709 1162 Beliasenr
725 1114 763 1163 so-

99 1203 164 1248 ciare
180 1200 363 1248 inducerentur
376 1201 487 1256 veritus,
506 1201 594 1247 aeriter
611 1218 665 1248 eam
677 1201 763 1248 delen-

41 1307 43 1309 ·
98 1286 156 1335 dam
167 1284 314 1350 postulabat.
338 1289 407 1352 Quae
417 1284 483 1333 senis
495 1283 557 1333 iussa
569 1304 649 1351 quum
661 1287 764 1336 tandem

98 1372 305 1437 exsequerentur,
328 1372 403 1435 legati
416 1370 514 1419 Asberti
527 1374 643 1431 Saxonis,
661 1399 693 1407 -
710 1375 762 1437 qui,

97 1458 153 1509 Ursa
167 1459 333 1523 cognomine,
349 1457 433 1523 postea
451 1459 571 1523 temporis
584 1460 683 1524 primus
695 1462 764 1507 Mar-

100 1545 157 1594 chio
171 1544 410 1609 Brandenburgicus
422 1545 549 1603 inclaruit,
567 1573 599 1579 -
612 1562 675 1609 clatos
685 1545 764 1593 Otho-

100 1648 160 1679 nem
173 1630 321 1687 salutatum,
344 1640 423 1693 vutque
441 1630 515 1676 suum
527 1632 551 1677 ei
568 1629 693 1679 auxilium
709 1632 765 1695 pol·

99 1717 238 1773 licerentur
254 1714 368 1772 miserat,
394 1714 455 1763 dum
470 1715 499 1763 ab
513 1714 571 1780 ipsis
587 1717 689 1781 paganis
702 1716 764 1764 viris

100 1803 256 1866 seminisque
271 1802 367 1866 templa
381 1800 502 1849 demoliri
513 1811 537 1848 et
550 1802 698 1849 obtruncari
709 1801 766 1849 ido-

99 1891 122 1939 la
139 1887 269 1945 viderent,
296 1886 377 1951 piebis
395 1888 545 1952 patientiam
563 1886 702 1936 admodum
718 1890 767 1936 rni-

101 1977 149 2023 rati
163 1973 290 2023 seruntur.
328 1972 403 2023 Unde
422 1984 516 2037 quanta
533 1971 613 2021 suerit
630 1973 767 2038 praesentis

100 2059 210 2123 Othonis
232 2059 366 2108 auctoritas
388 2059 513 2106 coniicere
531 2059 610 2105 liceat.
650 2062 679 2108 In
698 2077 767 2108 novo
819 2118 820 2122 Ἰ

102 2156 186 2203 autem
206 2144 373 2194 consecrando
392 2144 447 2192 veri
463 2146 512 2193 Dei
529 2145 623 2210 templo
642 2144 767 2210 sapienter

101 2231 229 2290 occasione
250 2221 309 2279 usus
333 2228 378 2288 est,
405 2241 434 2278 nt
456 2231 557 2279 turbam
576 2229 766 2289 circumfusam,

99 2319 178 2379 semet
189 2317 271 2384 ipsos,
290 2316 306 2365 sr
318 2334 363 2382 per
377 2314 453 2366 fidem
465 2317 596 2368 Christum
607 2317 654 2365 sibi
666 2317 767 2365 inhabi-
799 2371 801 2375 .

98 2418 150 2455 tare
163 2406 285 2460 sinerent,
303 2421 361 2453 vera
377 2402 481 2470 spiritus
492 2405 572 2454 sancti
584 2405 679 2469 templa
692 2403 766 2471 doce7
819 2395 820 2402 ἵ

99 2533 251 2546 nam——

153 2615 197 2664 173]
213 2612 275 2651 Andr⁴
291 2609 355 2649 Grats.
371 2624 401 2664 ap.
416 2586 462 2649 Sur.
476 2611 513 2658 ΠΙ,
530 2622 559 2649 rr.
577 2624 593 2662 p.
607 2611 640 2660 65.

153 2688 196 2736 179)
215 2686 318 2727 Giitzstow.
333 2686 435 2738 Anonym.
452 2684 520 2724 Canis.
531 2683 567 2733 ln,
582 2699 600 2736 7.
620 2687 766 2738 Gorgangiam

98 2757 193 2812 appellat.
