1641 3011
385 153 388 162 ,
397 106 443 158 tte

90 254 114 309 p'.
124 236 294 291 aul-7852—
308 237 427 301 Denique
439 237 467 283 in
474 239 579 289 Gretser.
587 255 691 305 quoque:
697 256 756 304 opp.

92 332 165 380 Tom.
175 330 204 377 X.
217 342 273 392 pag.
282 323 335 376 568.
350 324 418 390 typis
430 320 578 387 impr-ellum
589 326 667 376 exstat.
685 329 759 375 Prae.

94 413 217 465 tereundo
232 414 277 462 cel.
287 410 455 463 Molmihium
467 410 495 458 in
507 408 606 485 saepius
619 413 716 463 laudata
729 412 760 461 acl

96 501 251 553 Sastrovium
268 499 342 548 suum
359 495 517 563 praefatione
532 514 587 561 pag.
606 504 642 549 17.
660 511 710 549 not,
728 499 759 547 de

97 597 199 637 auctore
210 587 313 637 Suriani
321 584 441 642 Andreae,
451 594 529 648 prout
541 583 653 644 videtur,
661 605 713 636 non
726 586 761 635 sat

97 674 251 725 instructum
263 671 349 731 fuisse,
367 687 470 720 monere
482 671 561 718 liceat.
591 672 691 719 Etenim
704 673 762 722 scri-

98 760 146 828 psit
159 758 309 809 doctissimus
327 759 380 807 vir:
404 758 481 815 „Dos
492 755 637 804 Lelaerrdcs
655 754 764 827 heiligen

103 848 178 905 Otto,
195 845 298 895 welches
306 840 361 915 fich
377 843 416 892 laci
430 844 517 893 Sunius
533 846 558 890 in
570 844 618 890 cleu
633 842 764 894 111158111-

102 945 156 982 ctot
167 935 195 981 T.
207 935 246 981 tv.
253 929 347 1001 findet,
366 930 441 979 henne
454 928 491 978 tet
503 946 550 977 nur
561 926 766 1000 cusAnfr'thrun-

100 1017 199 1088 gaudet
211 1019 315 1075 eradere,
334 1015 525 1065 nutarentllclt
542 1015 591 1063 bei
611 1010 767 1084 Gretscr.“

102 1121 184 1170 quum
198 1113 222 1151 et
236 1103 338 1151 Suriani
353 1103 424 1150 illius
441 1102 554 1152 Andreae
569 1102 669 1167 primus
685 1099 768 1148 editor

95 1189 172 1243 idem
185 1176 314 1238 Gretserus
333 1188 378 1249 fir).
414 1190 548 1237 Caeterum
563 1186 616 1252 ipse
633 1186 690 1234 suae
707 1183 769 1233 fidei

103 1273 279 1323 testimonium
294 1272 411 1320 exhibeat
424 1273 535 1322 Andreas
546 1274 658 1339 propriis
673 1273 770 1336 aliquot

103 1358 187 1408 verbis
200 1356 260 1414 suis,
269 1374 282 1404 e
293 1355 451 1422 praefatione
463 1357 609 1423 desumptis,
619 1375 694 1421 quam
703 1357 770 1406 libro

103 1442 237 1513 praemisit.
273 1444 353 1494 Cuius
366 1444 427 1492 haec
438 1443 472 1493 est
490 1443 627 1492 dedicatio:
646 1447 772 1503 „Venera-

103 1531 153 1580 bili
166 1547 193 1577 ac
209 1529 320 1594 supplici
330 1530 358 1577 in
369 1529 468 1579 Christo
481 1530 547 1595 patri
556 1532 647 1579 Ioanni
657 1529 772 1577 Macerio

107 1614 232 1678 seraphici
241 1614 338 1660 ordinis
346 1613 686 1681 conventusBabebergenfis
694 1619 773 1664 Guar-
806 1631 807 1634 ¹

107 1700 196 1756 diano,
219 1698 400 1762 proclamatori
414 1699 488 1746 verbi
502 1701 554 1747 Dei
574 1698 772 1754 constantissimo,

105 1788 190 1835 Frater
196 1781 316 1837 Andreas,
324 1780 431 1830 humilis
442 1782 550 1831 servitor
555 1786 672 1832 Fratrum
682 1799 773 1831 coeno-

105 1871 144 1920 bii
155 1872 177 1919 S.
185 1867 319 1918 Michaelis
333 1866 486 1933 archangeli,
500 1867 598 1916 ordinis
609 1871 631 1919 S.
641 1866 773 1917 Benedicti

105 1973 186 2023 prope
196 1953 366 2018 Babebergam
375 1980 407 1987 —
414 1979 447 1988 -
454 1957 503 1988 -“
521 1959 589 2004 Tum
600 1955 669 2003 hisce
678 1955 772 2013 verbis,

107 2069 139 2077 -—
147 2057 207 2104 quas
218 2041 330 2093 breviter
340 2040 390 2086 iam
400 2041 429 2087 in
438 2050 498 2088 nota
508 2041 538 2089 (5ss
546 2040 638 2106 (pte.)
647 2039 693 2089 sub
702 2051 774 2089 textu

107 2129 174 2177 vitae
186 2126 308 2183 exhibita,
322 2124 365 2173 hic
380 2123 542 2182 conserenda,
556 2126 728 2185 exhibuimus,
742 2154 775 2162 -

107 2211 238 2263 scribendi
253 2209 344 2260 caussas
361 2210 454 2260 adfert:
477 2213 663 2270 „Petitionibus
677 2212 773 2271 vestriS,

108 2311 186 2367 prout
201 2299 319 2348 scientiae
334 2316 404 2346 meae
418 2300 527 2348 tenuitas
543 2299 669 2364 permisit,
687 2315 775 2364 parere

107 2386 201 2438 studui.
229 2384 327 2435 Petistis
340 2387 421 2443 enim,
439 2396 469 2435 ut
485 2384 626 2435 sanctissimi
639 2386 717 2451 patris
729 2402 776 2434 no-

107 2474 153 2523 stri
160 2474 270 2531 Ottonis,
282 2472 416 2539 Babeberg.
438 2473 528 2539 Episc,
538 2473 625 2530 vitam,
637 2473 775 2538 praecipuo

95 2613 96 2616 ,
111 2559 214 2623 quidem
226 2559 384 2625 elegantique
399 2561 455 2609 stilo
472 2559 602 2626 scriptam,
625 2568 711 2624 utpote
724 2558 776 2608 Eb-

112 2645 180 2694 bom's
196 2641 274 2714 nostri
281 2645 391 2695 coenobii
402 2646 522 2702 monachi,
534 2641 602 2716 ficut
613 2649 722 2696 enimcoc
734 2662 776 2694 ore

109 2733 249 2780 venerandi
260 2743 284 2781 et
296 2750 312 2780 cr
327 2734 387 2783 Deo
400 2733 485 2782 dilecti
492 2717 649 2805 sarcerdotr't¹
659 2733 776 2785 Udalrici
