1641 3011
343 137 388 202 155

34 286 96 344 patu
107 290 149 324 me
167 262 308 328 ordinavit,
326 271 355 319 in
369 285 420 334 quo
431 268 631 335 temenminime
642 285 700 335 per·

34 361 157 415 menelae,
175 353 222 406 nifi
237 357 331 410 vestrae
347 358 501 424 complaceat
517 356 700 422 sanctitatiper

35 465 82 497 vos
92 460 132 496 me
141 441 262 497 investire
273 454 298 491 et
310 436 462 491 consecrare.
498 441 628 509 Quicquid
638 458 700 506 ¹ergo

32 536 132 602 placeat
150 528 299 580 discretioni
314 528 409 579 vestrae
421 527 452 575 de
464 544 517 583 me,
535 544 580 591 per
592 528 700 577 nuncios

35 615 102 667 mihi
118 613 255 681 significate
273 614 346 663 servo
366 612 460 673 vestrm
478 630 510 662 ne
528 611 594 661 forte
614 613 642 662 in
657 631 700 662 va-

36 717 101 751 num
129 718 241 758 curram,
271 698 289 747 fi
314 699 346 748 aci
363 716 545 752 'voscurrere
568 700 699 764 incipiam.

37 788 205 854 Omnipotens
217 785 284 834 mihi
293 786 432 852 propitiam
444 786 647 835 incolumitatem
658 802 701 835 re-

36 872 109 924 strum
121 872 270 922 custodiat.“

37 1011 38 1015 ,
97 959 243 1018 „Dominus
265 969 350 1008 autem
373 958 537 1025 apostolicus,
561 984 593 992 -
614 967 702 1006 auctor

34 1045 117 1094 noster
129 1046 220 1110 pergit,
235 1072 268 1079 -
283 1046 342 1095 risis
355 1047 446 1094 litteris
459 1044 566 1111 gavisus,
585 1062 615 1093 eo
631 1044 701 1110 quod

34 1132 110 1197 pauci
123 1130 235 1198 episcopi
247 1133 385 1182 Teutonici
396 1132 483 1195 regni,
500 1132 530 1179 in
541 1149 570 1179 ea
582 1133 701 1197 maligni-

34 1228 83 1265 tate
95 1229 249 1283 temporum,
269 1217 343 1265 matri
354 1215 426 1274 suae,
444 1216 514 1280 quod
527 1217 623 1265 iustum
634 1216 701 1276 effet,

36 1302 177 1361 deferrent,
195 1320 222 1351 ac
235 1304 258 1351 ci
267 1304 329 1352 tales
341 1302 436 1351 litteras
452 1301 630 1367 destinavit:ss>

98 1389 247 1448 „Paschaiiu
255 1388 342 1437 servus
352 1387 548 1447 servoranei,
558 1389 654 1446 Ottoni,
663 1388 701 1437 dt-

35 1476 100 1523 iecto
113 1473 194 1533 fratri,
206 1473 418 1540 Bobenbergenfis
429 1474 552 1523 Eceiefiae
565 1476 652 1533 electu
664 1474 701 1523 sn-

34 1562 116 1610 intem
137 1571 161 1610 et
178 1560 348 1626 Apostolicam
369 1560 582 1610 benedictionem.
621 1562 701 1610 Filius

35 1647 133 1714 sapiens
151 1646 270 1697 laetificat
286 1657 394 1696 matrem
411 1647 489 1697 suam.
524 1652 607 1714 Opera
621 1660 665 1696 tua
679 1659 703 1706 et

36 1733 171 1784 confilium
192 1744 267 1783 tunm
289 1734 376 1783 virum
397 1733 545 1800 praeferunt
568 1733 701 1783 sensatum.

35 1824 91 1871 Nos
111 1822 190 1886 igitur
207 1821 333 1868 honorare
349 1831 373 1867 et
390 1819 519 1885 profectus
538 1832 596 1871 tuos
614 1822 703 1870 iuvare

36 1924 179 1971 congruum
196 1905 324 1964 cinximus,
358 1906 434 1954 Nihil
449 1924 508 1972 ergo
522 1907 553 1955 de
564 1907 647 1956 nostra
660 1909 703 1956 be-

36 1992 183 2042 nevolentia
199 1991 317 2039 dubitnns
329 2002 399 2039 tuam
411 1993 486 2040 nobis
498 1994 648 2057 quantocius
659 2010 703 2040 va-

36 2080 92 2128 lens
107 2068 274 2144 praesentiam
290 2077 414 2127 exhibeto.
449 2080 519 2129 Certi
532 2080 601 2127 enim
614 2077 702 2129 [umus

38 2164 109 2229 quod
126 2164 214 2212 divina
230 2163 354 2230 sapientia
371 2165 446 2213 etiam
463 2167 537 2213 maiis
553 2165 702 2214 hominibus

37 2250 102 2299 bene
116 2250 156 2296 uti
169 2251 267 2297 110111(ἰ

101 2334 235 2385 Caeterum
256 2338 408 2401 Basnagium
432 2337 624 2389 eonferendum·
636 2354 704 2387 com-

39 2421 189 2470 mendemus
214 2423 243 2469 in
258 2421 434 2480 observatione
453 2427 482 2475 in
502 2427 609 2476 Othonis
624 2425 704 2474 vitam

40 2506 108 2571 apud
119 2509 236 2566 Surium,
254 2509 282 2556 in
294 2509 361 2557 lectt.
375 2512 469 2576 antiqq.
483 2517 505 2562 T
507 2531 555 2562 om.
571 2515 592 2561 3.
606 2521 667 2576 part.
681 2513 704 2558 2.

39 2608 95 2658 pag.
119 2594 155 2643 38.
169 2597 225 2643 Nr.
248 2596 268 2643 3.
297 2593 360 2643 dum
383 2601 490 2660 periurii
516 2616 576 2647 euin
600 2595 705 2653 accusat,

40 2677 125 2742 quod,
147 2679 284 2731 immemor
300 2679 449 2731 sacramenti
466 2685 615 2750 imperatori
632 2684 707 2749 prius

40 2762 165 2831 praestiti,
193 2769 308 2834 papalem
332 2768 490 2837 episcopatus
510 2770 550 2821 ini
572 2769 707 2821 coufirma-
