1641 3011
352 133 383 184 la

39 268 152 330 rhama),
183 262 342 327 imperatoris
367 263 491 323 sororem,
519 264 546 313 in
570 266 702 317 matrim0÷

39 362 111 409 nium
129 350 175 400 sibi
188 359 289 415 peteret.
325 354 381 419 Quo
397 352 502 416 quidem
519 351 577 401 satis
595 352 702 403 honori-

39 445 87 495 fico
113 435 244 496 masidam,
272 437 302 486 ad
329 437 452 503 praesulis
477 447 570 486 nutum
589 451 700 506 peracte,

40 530 119 582 Otho,
137 524 225 589 ipsius,
244 530 314 587 cujus
334 524 524 596 paranymphus
542 523 636 586 suerat,
655 528 702 577 dn·

39 609 108 663 cislae
120 622 265 675 procurator
278 609 367 667 sactus,
380 611 408 658 in
420 609 473 659 dies
485 610 564 673 magis
575 613 701 664 inclaruit.

37 705 65 748 ln
84 697 228 761 gravissimis
246 699 322 745 rebus
336 696 454 744 dominae
467 705 554 742 auctor
569 695 703 762 suasorque

39 780 151 833 exstitisse
170 795 298 841 narratur,
319 800 381 848 quae
395 781 441 830 sub
456 779 570 842 ejusdem
584 781 702 848 auspiciis

37 874 113 921 etiam
133 873 234 938 linguae
256 873 390 934 Polonieae
412 868 577 917 addiscendae
601 887 704 935 operam

37 958 146 1008 navavit.
179 957 271 1006 lisdem
284 955 445 1021 tempor-ibus
463 954 534 1021 saepe
548 957 659 1005 nuneius
675 958 704 1006 in

18 1103 19 1108 ¹
37 1048 197 1096 Germaniam
213 1043 299 1092 missus
315 1043 472 1107 perhibetur.
506 1046 535 1090 ln
554 1044 647 1106 quibus
663 1046 704 1093 iti·
769 1101 771 1110 ¹

37 1130 150 1188 neribus²
168 1146 249 1193 quum
263 1130 397 1191 aliquoties
409 1129 562 1195 Herbipelin
575 1117 704 1187 inviseret,

1 1224 3 1228 '
35 1218 150 1283 primuni
180 1217 218 1264 ibi
247 1215 431 1263 documentum
459 1215 616 1264 liberalitatis
638 1215 704 1276 suae,

34 1304 124 1352 multis
136 1319 196 1350 mon
208 1302 330 1368 exemplis
343 1301 487 1360 illustratae,
506 1300 621 1359 edidisse,
639 1302 704 1351 suis-

36 1406 85 1455 que
97 1387 289 1457 xenodocheum
301 1387 445 1452 sumptibus
458 1384 595 1448 aedificalle
606 1405 704 1436 memo-

35 1478 87 1525 riae
104 1474 227 1523 traditum
245 1474 278 1522 est
289 1472 316 1535 6).
351 1475 485 1523 Caeterum
500 1474 589 1522 iuliae
606 1475 661 1533 sua,
680 1487 705 1524 et

35 1578 112 1627 quarn
129 1560 183 1627 post
199 1560 277 1616 vixit,
295 1560 376 1607 aulica
387 1561 440 1607 vita
452 1547 551 1608 tantum
563 1554 658 1619 abfuit3
676 1572 706 1610 nt

35 1642 128 1695 mundi
149 1645 276 1693 illecebris
299 1643 324 1690 se
346 1645 442 1692 irretiri
463 1656 607 1709 pateretur,
632 1648 706 1695 utin

35 1731 92 1779 aula
104 1730 187 1778 aulam
199 1727 305 1795 fugeret,
319 1740 465 1794 tantamque
482 1741 506 1778 et
522 1731 599 1779 vultu
617 1742 641 1780 et
650 1748 706 1782 mo·

35 1818 108 1867 ribus
126 1816 274 1881 gravitatem
292 1814 490 1879 praeseferret,
509 1826 548 1872 ut,
567 1816 622 1879 ipso
633 1827 705 1881 prae-

34 1903 116 1959 sente,
140 1918 216 1949 nemo
238 1902 380 1949 aulicorum
403 1902 535 1966 quippiam
557 1899 641 1949 dicere
662 1904 705 1951 vel

37 2002 109 2051 agere
123 1986 232 2049 turpiter
254 1983 328 2033 ausus
350 1982 467 2047 fueriti).
506 1989 587 2034 Tanta
610 1997 704 2047 autem,

36 2071 138 2121 testante
162 2071 248 2133 aliquo
270 2069 392 2136 scriptore
403 2072 437 2134 ⁸),
459 2072 488 2120 in
516 2071 657 2126 erudiendo
680 2084 707 2124 et

35 2141 259 2207 sermocinandoa
275 2158 331 2204 Deo
354 2158 433 2222 gratia
450 2167 501 2206 erat
518 2158 659 2223 praeditus,
677 2171 707 2209 ut

35 2261 89 2293 non
105 2259 212 2308 paucos,
238 2240 438 2307 gravissimorum
458 2254 622 2311 peccatorum
639 2263 703 2311 pon·

36 2328 95 2377 dere
119 2325 257 2394 depressos,
281 2326 312 2375 ad
329 2330 436 2378 multam
454 2331 639 2397 poenitentiam
656 2342 706 2381 tra-

124 2545 187 2583 Andr.
199 2545 264 2586 Gretl.
272 2546 287 2596 I,
297 2558 312 2584 1.
329 2543 434 2599 Sophiam,
446 2545 706 2602 Cramilsirchenelrrlq.

122 2617 184 2655 Andr.
192 2618 282 2661 Gretleri
294 2604 324 2673 ap.
332 2618 415 2659 Surium
422 2620 437 2668 l,
444 2632 462 2660 a.
474 2636 492 2675 p.
499 2635 530 2673 52.
546 2623 639 2677 Bugeuh.
647 2638 666 2679 p.
672 2638 705 2680 79,

122 2688 172 2728 aaa.
188 2690 227 2731 loe.
245 2692 275 2733 cf.
293 2692 359 2732 Cranz
375 2692 447 2734 Saron.
463 2695 487 2745 V,
502 2709 533 2747 44.
549 2707 580 2747 45,

121 2763 179 2817 Apud
193 2763 316 2805 Meillerum
330 2766 353 2805 in
367 2768 440 2809 mundi
454 2770 523 2810 mirac.
540 2785 558 2824 p.
574 2773 606 2813 aa.

530 2849 554 2896 D
