1641 3011
430 87 461 136 la

112 214 182 260 niam
200 212 330 276 profectus
346 216 392 273 est,
410 214 489 263 doctis
503 224 564 263 tunc
578 213 698 281 temporis
710 213 774 261 viri-s

114 308 252 358 carentem,
270 309 311 358 nt,
329 299 391 349 ludo
409 301 448 350 ibi
458 300 582 350 litterario
594 302 719 355 instituto,
737 300 776 346 vi-

114 396 183 434 ctum
210 384 257 433 fibi
279 389 447 453 conquireret.
500 388 582 455 Quam
601 386 703 452 quidem
723 400 777 432 renr

114 472 229 544 summus
246 490 333 523 rerum
351 474 521 523 humanarum
535 472 680 523 moderator
695 470 778 522 ansam

115 556 189 616 fecit,
212 558 283 608 unde
306 576 408 610 omnem
426 559 534 609 Otlronis
556 558 635 606 vitam
658 560 689 610 ad
710 557 778 607 luam

114 645 224 708 gloriam
235 655 260 692 et
269 646 341 693 illius
357 656 431 708 atque
445 644 552 693 humani
564 645 663 708 generis
675 645 780 692 salutem

116 726 244 778 formaret.
276 731 348 779 Deus
368 730 437 779 enim
455 728 502 787 est,
520 728 565 793 qui
582 728 692 777 humilia
704 728 781 794 respi-

117 816 151 865 cit
162 816 191 878 t),
209 826 241 874 et,
256 816 404 882 potentibus
416 816 446 865 de
459 816 559 865 thronis
573 815 705 872 detractis,
723 812 781 863 effe-

116 916 175 950 rens
191 900 319 959 humiles,
348 921 377 952 ex
393 904 426 953 iis
443 903 595 970 praecipue,
622 902 668 966 qui
684 900 782 950 mundo

116 986 246 1053 despectui
257 986 325 1048 lunt,
342 988 413 1059 luam
423 989 469 1039 fibi
479 988 581 1039 laudem
592 997 670 1054 parat,
698 991 785 1051 Itaque

118 1073 199 1131 Otho,
222 1089 316 1138 quum,
334 1073 500 1125 difficillimae
511 1076 669 1125 Polononnn
680 1073 784 1137 linguae

116 1159 192 1208 brevi
203 1158 342 1209 admodum
354 1172 469 1229 ternpore
480 1171 572 1239 gnffips
584 1159 673 1216 factus,
689 1159 785 1207 multos

114 1244 249 1295 ‘nobilium
262 1243 511 1298 filiosiustituenrlos
523 1247 635 1303 liaberet,
653 1245 786 1311 discipulis

117 1347 206 1390 carus,
219 1346 295 1390 ¹mon,
312 1349 358 1398 per
377 1333 460 1400 ipsos,
478 1333 547 1399 apud
558 1333 686 1399 principis
703 1331 788 1380 aulam

118 1417 240 1468 innotuit.

133 1570 135 1575 ,
182 1507 251 1553 Tum
260 1506 431 1564 Boleslausll,
445 1504 489 1567 (ll)
500 1504 560 1562 dux,
575 1504 696 1553 Poloniae
707 1504 789 1569 impe-

121 1589 220 1638 ritabat.
252 1592 321 1638 Nam
336 1591 445 1654 regiam,
463 1606 512 1653 qua
528 1600 600 1638 autea
610 1591 703 1638 Poloni
713 1591 789 1653 'prin-

54 1675 55 1678 '
123 1676 191 1740 cipes
202 1672 358 1738 gaudebant,
376 1674 527 1739 dignitatem
538 1674 638 1740 primus
650 1673 788 1729 Boleslaus,

121 1757 247 1808 nefandae
260 1760 495 1825 Szezoponovvslrii,
514 1760 628 1824 episcopi
639 1759 790 1808 Cracovien·

122 1843 153 1894 fis
168 1842 264 1903 caedis,
281 1845 313 1894 ab
331 1844 386 1912 ipso
406 1856 529 1911 patratae,
546 1862 641 1911 poenas
654 1846 741 1902 luens,
759 1843 791 1892 ad

120 1941 222 1997 tempus
240 1930 364 1980 amiserat.
396 1934 433 1988 15,
452 1948 534 1995 quum
551 1932 670 1980 eximiam
687 1932 739 1979 viri
750 1931 791 1979 in-

123 2014 209 2065 dolem
231 2014 398 2084 cognovillet,
421 2015 528 2067 vixdum
552 2017 580 2065 in
598 2017 704 2082 gratiam
722 2033 792 2065 rece-

122 2111 211 2166 ptum,
233 2103 318 2159 illico,
340 2102 454 2167 legatum
470 2101 502 2149 ad
516 2092 656 2150 Henricum
669 2105 702 2152 IV
713 2102 790 2159 milit,

123 2186 272 2250 Germaniae
297 2199 354 2238 tum
376 2197 474 2254 sceptra
499 2197 642 2256 tenentem,
670 2199 701 2238 ut
719 2187 791 2242 ludi·

104 2425 105 2429 ’
173 2417 196 2467 4)
211 2415 262 2455 Luc.
278 2429 295 2463 r,
310 2423 342 2467 48.
355 2426 387 2467 52.
414 2416 469 2456 Mire
484 2428 531 2456 cum
545 2414 585 2455 hac
599 2414 698 2467 evangelii
710 2414 791 2455 lenten-

121 2492 150 2531 tia
164 2489 217 2531 illud
232 2488 311 2529 ethnici
324 2499 397 2543 poetae
412 2491 523 2531 consentit:

231 2586 258 2595 ·-·
270 2585 297 2594 -
311 2586 337 2596 -
353 2564 414 2606 Valet
427 2567 470 2606 ima
480 2565 567 2618 summis

233 2638 330 2687 Mutare,
346 2649 366 2679 et
380 2638 473 2693 infignia
488 2647 584 2678 attenuat
598 2637 656 2679 Deus

237 2713 330 2765 Obscura
342 2726 446 2765 promens,
473 2711 545 2751 Horat.
558 2725 619 2752 carm.
629 2713 645 2764 Ι,
653 2725 686 2765 54,
699 2726 729 2752 12.
