<?xml version="1.0" encoding="UTF-8"?>
<!DOCTYPE html PUBLIC "-//W3C//DTD XHTML 1.0 Transitional//EN"
    "http://www.w3.org/TR/xhtml1/DTD/xhtml1-transitional.dtd">
<html xmlns="http://www.w3.org/1999/xhtml" xml:lang="en" lang="en">
 <head>
  <title>
</title>
<meta http-equiv="Content-Type" content="text/html;charset=utf-8" />
  <meta name='ocr-system' content='tesseract 3.04.00' />
  <meta name='ocr-capabilities' content='ocr_page ocr_carea ocr_par ocr_line ocrx_word'/>
</head>
<body>
  <div class='ocr_page' id='page_1' title='image "MN40367ucmf_1_0118.png"; bbox 0 0 1641 3011; ppageno 0'>
   <div class='ocr_carea' id='block_1_1' title="bbox 410 107 456 158">
    <p class='ocr_par' dir='ltr' id='par_1_1' title="bbox 410 107 456 158">
     <span class='ocr_line' id='line_1_1' title="bbox 410 107 456 158; baseline 0.043 -1"><span class='ocrx_word' id='word_1_1' title='bbox 410 107 456 158; x_wconf 52' lang='lat'>¹100</span> 
     </span>
    </p>
   </div>
   <div class='ocr_carea' id='block_1_2' title="bbox 88 228 767 2458">
    <p class='ocr_par' dir='ltr' id='par_1_2' title="bbox 100 228 767 654">
     <span class='ocr_line' id='line_1_2' title="bbox 102 228 766 305; baseline 0.005 -16"><span class='ocrx_word' id='word_1_2' title='bbox 102 256 164 289; x_wconf 84' lang='lat' dir='ltr'>nora</span> <span class='ocrx_word' id='word_1_3' title='bbox 184 238 286 304; x_wconf 72' lang='lat' dir='ltr'>patrari</span> <span class='ocrx_word' id='word_1_4' title='bbox 300 236 431 295; x_wconf 86' lang='lat' dir='ltr'>viderent,</span> <span class='ocrx_word' id='word_1_5' title='bbox 450 228 580 302; x_wconf 76' lang='lat' dir='ltr'>reputent,</span> <span class='ocrx_word' id='word_1_6' title='bbox 597 258 650 305; x_wconf 87' lang='lat' dir='ltr'>non</span> <span class='ocrx_word' id='word_1_7' title='bbox 669 258 766 300; x_wconf 88' lang='lat' dir='ltr'>omnes,</span> 
     </span>
     <span class='ocr_line' id='line_1_3' title="bbox 103 322 767 393; baseline 0.005 -17"><span class='ocrx_word' id='word_1_8' title='bbox 103 326 198 378; x_wconf 85' lang='lat' dir='ltr'>Christi</span> <span class='ocrx_word' id='word_1_9' title='bbox 209 342 303 374; x_wconf 91' lang='lat' dir='ltr'>nomen</span> <span class='ocrx_word' id='word_1_10' title='bbox 314 342 373 393; x_wconf 86' lang='lat' dir='ltr'>prae</span> <span class='ocrx_word' id='word_1_11' title='bbox 385 325 409 373; x_wconf 89' lang='lat' dir='ltr'>se</span> <span class='ocrx_word' id='word_1_12' title='bbox 419 322 537 382; x_wconf 85' lang='lat' dir='ltr'>ferentes,</span> <span class='ocrx_word' id='word_1_13' title='bbox 555 337 579 374; x_wconf 89' lang='lat' dir='ltr'>et</span> <span class='ocrx_word' id='word_1_14' title='bbox 591 326 638 376; x_wconf 85' lang='lat' dir='ltr'>esse</span> <span class='ocrx_word' id='word_1_15' title='bbox 647 329 767 380; x_wconf 80' lang='lat' dir='ltr'>Christia-</span> 
     </span>
     <span class='ocr_line' id='line_1_4' title="bbox 101 410 767 466; baseline 0.005 -3"><span class='ocrx_word' id='word_1_16' title='bbox 101 431 155 463; x_wconf 87' lang='lat' dir='ltr'>nos.</span> <span class='ocrx_word' id='word_1_17' title='bbox 187 414 323 462; x_wconf 86' lang='lat' dir='ltr'>-Caeternrn</span> <span class='ocrx_word' id='word_1_18' title='bbox 331 412 407 460; x_wconf 86' lang='lat' dir='ltr'>etiam</span> <span class='ocrx_word' id='word_1_19' title='bbox 419 427 478 460; x_wconf 84' lang='lat' dir='ltr'>vere</span> <span class='ocrx_word' id='word_1_20' title='bbox 487 410 641 463; x_wconf 84' lang='lat' dir='ltr'>Christianos</span> <span class='ocrx_word' id='word_1_21' title='bbox 652 416 726 465; x_wconf 80' lang='lat' dir='ltr'>insito</span> <span class='ocrx_word' id='word_1_22' title='bbox 737 419 767 466; x_wconf 89' lang='lat' dir='ltr'>in</span> 
     </span>
     <span class='ocr_line' id='line_1_5' title="bbox 102 498 765 569; baseline 0.003 -19"><span class='ocrx_word' id='word_1_23' title='bbox 102 501 195 567; x_wconf 80' lang='lat' dir='ltr'>lapsam</span> <span class='ocrx_word' id='word_1_24' title='bbox 217 498 331 548; x_wconf 87' lang='lat' dir='ltr'>hominis</span> <span class='ocrx_word' id='word_1_25' title='bbox 352 510 469 547; x_wconf 82' lang='lat' dir='ltr'>naturam</span> <span class='ocrx_word' id='word_1_26' title='bbox 492 498 559 547; x_wconf 81' lang='lat' dir='ltr'>malo</span> <span class='ocrx_word' id='word_1_27' title='bbox 579 501 677 568; x_wconf 82' lang='lat' dir='ltr'>saepius</span> <span class='ocrx_word' id='word_1_28' title='bbox 698 505 765 569; x_wconf 80' lang='lat' dir='ltr'>pins,</span> 
     </span>
     <span class='ocr_line' id='line_1_6' title="bbox 100 583 499 654; baseline -0.01 -18"><span class='ocrx_word' id='word_1_29' title='bbox 100 604 177 654; x_wconf 87' lang='lat' dir='ltr'>qnam</span> <span class='ocrx_word' id='word_1_30' title='bbox 187 603 233 651; x_wconf 81' lang='lat' dir='ltr'>par</span> <span class='ocrx_word' id='word_1_31' title='bbox 246 586 287 644; x_wconf 88' lang='lat' dir='ltr'>fit,</span> <span class='ocrx_word' id='word_1_32' title='bbox 301 583 438 651; x_wconf 76' lang='lat' dir='ltr'>indulgere</span> <span class='ocrx_word' id='word_1_33' title='bbox 452 585 499 649; x_wconf 81' lang='lat'><strong>¹⁰¹).</strong></span> 
     </span>
    </p>

    <p class='ocr_par' dir='ltr' id='par_1_3' title="bbox 88 672 767 2458">
     <span class='ocr_line' id='line_1_7' title="bbox 162 672 765 739; baseline 0.005 -17"><span class='ocrx_word' id='word_1_34' title='bbox 162 673 211 724; x_wconf 86' lang='lat' dir='ltr'>Sed</span> <span class='ocrx_word' id='word_1_35' title='bbox 222 691 301 739; x_wconf 89' lang='lat' dir='ltr'>qnnm</span> <span class='ocrx_word' id='word_1_36' title='bbox 313 672 507 722; x_wconf 75' lang='lat' dir='ltr'>sermocinando</span> <span class='ocrx_word' id='word_1_37' title='bbox 518 673 568 721; x_wconf 91' lang='lat' dir='ltr'>iam</span> <span class='ocrx_word' id='word_1_38' title='bbox 579 673 647 722; x_wconf 82' lang='lat' dir='ltr'>nihil</span> <span class='ocrx_word' id='word_1_39' title='bbox 658 673 765 739; x_wconf 84' lang='lat' dir='ltr'>profice-</span> 
     </span>
     <span class='ocr_line' id='line_1_8' title="bbox 99 757 765 827; baseline 0 -16"><span class='ocrx_word' id='word_1_40' title='bbox 99 772 149 822; x_wconf 86' lang='lat' dir='ltr'>ret,</span> <span class='ocrx_word' id='word_1_41' title='bbox 167 777 250 826; x_wconf 86' lang='lat' dir='ltr'>neque</span> <span class='ocrx_word' id='word_1_42' title='bbox 270 759 325 826; x_wconf 86' lang='lat' dir='ltr'>spes</span> <span class='ocrx_word' id='word_1_43' title='bbox 343 770 395 808; x_wconf 90' lang='lat' dir='ltr'>erat</span> <span class='ocrx_word' id='word_1_44' title='bbox 418 760 446 808; x_wconf 91' lang='lat' dir='ltr'>in</span> <span class='ocrx_word' id='word_1_45' title='bbox 463 758 591 825; x_wconf 83' lang='lat' dir='ltr'>posterum</span> <span class='ocrx_word' id='word_1_46' title='bbox 602 757 765 827; x_wconf 85' lang='lat' dir='ltr'>proficiendi,</span> 
     </span>
     <span class='ocr_line' id='line_1_9' title="bbox 99 846 766 909; baseline -0.001 -11"><span class='ocrx_word' id='word_1_47' title='bbox 99 849 203 898; x_wconf 78' lang='lat' dir='ltr'>tandem</span> <span class='ocrx_word' id='word_1_48' title='bbox 228 848 357 909; x_wconf 76' lang='lat' dir='ltr'><strong>utrimque</strong></span> <span class='ocrx_word' id='word_1_49' title='bbox 378 856 482 908; x_wconf 83' lang='lat' dir='ltr'>pactum</span> <span class='ocrx_word' id='word_1_50' title='bbox 503 846 552 904; x_wconf 84' lang='lat' dir='ltr'>est,</span> <span class='ocrx_word' id='word_1_51' title='bbox 584 848 612 895; x_wconf 89' lang='lat' dir='ltr'>in</span> <span class='ocrx_word' id='word_1_52' title='bbox 632 849 766 897; x_wconf 76' lang='lat' dir='ltr'>Paioniam</span> 
     </span>
     <span class='ocr_line' id='line_1_10' title="bbox 99 929 766 1000; baseline 0.001 -17"><span class='ocrx_word' id='word_1_53' title='bbox 99 937 193 1000; x_wconf 81' lang='lat' dir='ltr'>legatos</span> <span class='ocrx_word' id='word_1_54' title='bbox 219 933 337 989; x_wconf 89' lang='lat' dir='ltr'>mittere,</span> <span class='ocrx_word' id='word_1_55' title='bbox 370 929 529 978; x_wconf 83' lang='lat' dir='ltr'>tributorum</span> <span class='ocrx_word' id='word_1_56' title='bbox 560 933 728 983; x_wconf 79' lang='lat' dir='ltr'>remissionem</span> <span class='ocrx_word' id='word_1_57' title='bbox 753 953 766 983; x_wconf 85' lang='lat' dir='ltr'>a</span> 
     </span>
     <span class='ocr_line' id='line_1_11' title="bbox 98 1016 766 1084; baseline -0.003 -15"><span class='ocrx_word' id='word_1_58' title='bbox 98 1021 163 1069; x_wconf 90' lang='lat' dir='ltr'>duce</span> <span class='ocrx_word' id='word_1_59' title='bbox 179 1020 375 1084; x_wconf 75' lang='lat' dir='ltr'>imploraturos,</span> <span class='ocrx_word' id='word_1_60' title='bbox 399 1033 448 1079; x_wconf 89' lang='lat' dir='ltr'>qna</span> <span class='ocrx_word' id='word_1_61' title='bbox 463 1016 559 1064; x_wconf 74' lang='lat' dir='ltr'>scilicet</span> <span class='ocrx_word' id='word_1_62' title='bbox 574 1017 630 1066; x_wconf 81' lang='lat' dir='ltr'>data</span> <span class='ocrx_word' id='word_1_63' title='bbox 647 1021 766 1069; x_wconf 84' lang='lat' dir='ltr'>Christia-</span> 
     </span>
     <span class='ocr_line' id='line_1_12' title="bbox 98 1100 767 1169; baseline -0.001 -13"><span class='ocrx_word' id='word_1_64' title='bbox 98 1109 157 1155; x_wconf 87' lang='lat' dir='ltr'>nam</span> <span class='ocrx_word' id='word_1_65' title='bbox 181 1104 205 1152; x_wconf 85' lang='lat' dir='ltr'>[e</span> <span class='ocrx_word' id='word_1_66' title='bbox 230 1103 316 1153; x_wconf 53' lang='lat' dir='ltr'>fidem*</span> <span class='ocrx_word' id='word_1_67' title='bbox 329 1100 482 1169; x_wconf 80' lang='lat' dir='ltr'>professuros</span> <span class='ocrx_word' id='word_1_68' title='bbox 509 1102 623 1154; x_wconf 76' lang='lat' dir='ltr'>dixerant</span> <span class='ocrx_word' id='word_1_69' title='bbox 648 1107 715 1155; x_wconf 83' lang='lat' dir='ltr'>cives</span> <span class='ocrx_word' id='word_1_70' title='bbox 742 1117 767 1155; x_wconf 86' lang='lat' dir='ltr'>et</span> 
     </span>
     <span class='ocr_line' id='line_1_13' title="bbox 98 1190 765 1258; baseline 0 -17"><span class='ocrx_word' id='word_1_71' title='bbox 98 1191 252 1241; x_wconf 70' lang='lat' dir='ltr'>dictitabant.</span> <span class='ocrx_word' id='word_1_72' title='bbox 288 1190 363 1258; x_wconf 78' lang='lat' dir='ltr'>Qnod</span> <span class='ocrx_word' id='word_1_73' title='bbox 379 1201 445 1238; x_wconf 86' lang='lat' dir='ltr'>certe</span> <span class='ocrx_word' id='word_1_74' title='bbox 457 1207 510 1238; x_wconf 88' lang='lat' dir='ltr'>non</span> <span class='ocrx_word' id='word_1_75' title='bbox 531 1190 566 1238; x_wconf 86' lang='lat' dir='ltr'>ita</span> <span class='ocrx_word' id='word_1_76' title='bbox 587 1193 765 1257; x_wconf 82' lang='lat' dir='ltr'>accipiendum</span> 
     </span>
     <span class='ocr_line' id='line_1_14' title="bbox 96 1277 763 1341; baseline 0.001 -14"><span class='ocrx_word' id='word_1_77' title='bbox 96 1280 157 1335; x_wconf 88' lang='lat' dir='ltr'>erit,</span> <span class='ocrx_word' id='word_1_78' title='bbox 184 1287 327 1340; x_wconf 79' lang='lat' dir='ltr'>tamqnam,</span> <span class='ocrx_word' id='word_1_79' title='bbox 355 1277 426 1324; x_wconf 82' lang='lat' dir='ltr'>hisce</span> <span class='ocrx_word' id='word_1_80' title='bbox 448 1277 603 1341; x_wconf 77' lang='lat' dir='ltr'>impetratis,</span> <span class='ocrx_word' id='word_1_81' title='bbox 627 1279 763 1328; x_wconf 78' lang='lat' dir='ltr'>othotam</span> 
     </span>
     <span class='ocr_line' id='line_1_15' title="bbox 94 1359 762 1428; baseline 0.004 -17"><span class='ocrx_word' id='word_1_82' title='bbox 94 1364 125 1412; x_wconf 81' lang='lat' dir='ltr'>ad</span> <span class='ocrx_word' id='word_1_83' title='bbox 150 1361 228 1410; x_wconf 88' lang='lat' dir='ltr'>finem</span> <span class='ocrx_word' id='word_1_84' title='bbox 251 1361 298 1408; x_wconf 76' lang='lat' dir='ltr'>sibi</span> <span class='ocrx_word' id='word_1_85' title='bbox 318 1361 387 1409; x_wconf 79' lang='lat' dir='ltr'>visus</span> <span class='ocrx_word' id='word_1_86' title='bbox 411 1359 491 1428; x_wconf 75' lang='lat' dir='ltr'>inerit</span> <span class='ocrx_word' id='word_1_87' title='bbox 509 1361 656 1425; x_wconf 77' lang='lat' dir='ltr'>pervenisse.</span> <span class='ocrx_word' id='word_1_88' title='bbox 697 1368 729 1413; x_wconf 84' lang='lat' dir='ltr'>At</span> <span class='ocrx_word' id='word_1_89' title='bbox 749 1383 762 1413; x_wconf 91' lang='lat' dir='ltr'>e</span> 
     </span>
     <span class='ocr_line' id='line_1_16' title="bbox 95 1445 764 1514; baseline 0.001 -16"><span class='ocrx_word' id='word_1_90' title='bbox 95 1449 195 1498; x_wconf 87' lang='lat' dir='ltr'>dnobus</span> <span class='ocrx_word' id='word_1_91' title='bbox 211 1448 285 1496; x_wconf 76' lang='lat' dir='ltr'>malis</span> <span class='ocrx_word' id='word_1_92' title='bbox 301 1447 388 1495; x_wconf 84' lang='lat' dir='ltr'>minus</span> <span class='ocrx_word' id='word_1_93' title='bbox 408 1445 555 1511; x_wconf 76' lang='lat' dir='ltr'>eligendum</span> <span class='ocrx_word' id='word_1_94' title='bbox 573 1447 646 1496; x_wconf 79' lang='lat' dir='ltr'>duxit</span> <span class='ocrx_word' id='word_1_95' title='bbox 659 1461 683 1497; x_wconf 92' lang='lat' dir='ltr'>et</span> <span class='ocrx_word' id='word_1_96' title='bbox 694 1450 764 1514; x_wconf 87' lang='lat' dir='ltr'>qnod</span> 
     </span>
     <span class='ocr_line' id='line_1_17' title="bbox 95 1532 762 1598; baseline 0.003 -15"><span class='ocrx_word' id='word_1_97' title='bbox 95 1534 170 1583; x_wconf 79' lang='lat' dir='ltr'>simul</span> <span class='ocrx_word' id='word_1_98' title='bbox 189 1532 272 1581; x_wconf 86' lang='lat' dir='ltr'>ansam</span> <span class='ocrx_word' id='word_1_99' title='bbox 290 1533 420 1598; x_wconf 79' lang='lat' dir='ltr'>praeberet</span> <span class='ocrx_word' id='word_1_100' title='bbox 433 1549 507 1580; x_wconf 82' lang='lat' dir='ltr'>verae</span> <span class='ocrx_word' id='word_1_101' title='bbox 518 1533 547 1580; x_wconf 91' lang='lat' dir='ltr'>in</span> <span class='ocrx_word' id='word_1_102' title='bbox 561 1533 691 1598; x_wconf 82' lang='lat' dir='ltr'>posterum</span> <span class='ocrx_word' id='word_1_103' title='bbox 703 1554 762 1585; x_wconf 88' lang='lat' dir='ltr'>con-</span> 
     </span>
     <span class='ocr_line' id='line_1_18' title="bbox 96 1619 763 1686; baseline 0.003 -17"><span class='ocrx_word' id='word_1_104' title='bbox 96 1619 226 1669; x_wconf 78' lang='lat' dir='ltr'>versionis.</span> <span class='ocrx_word' id='word_1_105' title='bbox 275 1622 347 1667; x_wconf 79' lang='lat' dir='ltr'>Iuvat</span> <span class='ocrx_word' id='word_1_106' title='bbox 369 1630 498 1684; x_wconf 84' lang='lat' dir='ltr'>praeterea</span> <span class='ocrx_word' id='word_1_107' title='bbox 517 1636 636 1679; x_wconf 88' lang='lat' dir='ltr'>monere,</span> <span class='ocrx_word' id='word_1_108' title='bbox 668 1633 763 1686; x_wconf 84' lang='lat' dir='ltr'>quanta</span> 
     </span>
     <span class='ocr_line' id='line_1_19' title="bbox 95 1703 764 1772; baseline 0.003 -18"><span class='ocrx_word' id='word_1_109' title='bbox 95 1706 194 1770; x_wconf 88' lang='lat' dir='ltr'>semper</span> <span class='ocrx_word' id='word_1_110' title='bbox 214 1705 387 1769; x_wconf 80' lang='lat' dir='ltr'>egreginsvir</span> <span class='ocrx_word' id='word_1_111' title='bbox 403 1703 590 1761; x_wconf 77' lang='lat' dir='ltr'>sollicitudine,</span> <span class='ocrx_word' id='word_1_112' title='bbox 619 1723 651 1754; x_wconf 93' lang='lat' dir='ltr'>ne</span> <span class='ocrx_word' id='word_1_113' title='bbox 668 1708 764 1772; x_wconf 83' lang='lat' dir='ltr'>princi-</span> 
     </span>
     <span class='ocr_line' id='line_1_20' title="bbox 94 1789 762 1857; baseline 0.001 -17"><span class='ocrx_word' id='word_1_114' title='bbox 94 1793 157 1857; x_wconf 88' lang='lat' dir='ltr'>pum</span> <span class='ocrx_word' id='word_1_115' title='bbox 179 1807 243 1856; x_wconf 84' lang='lat' dir='ltr'>opus</span> <span class='ocrx_word' id='word_1_116' title='bbox 263 1789 292 1838; x_wconf 78' lang='lat' dir='ltr'>sit</span> <span class='ocrx_word' id='word_1_117' title='bbox 310 1800 334 1837; x_wconf 86' lang='lat' dir='ltr'>et</span> <span class='ocrx_word' id='word_1_118' title='bbox 351 1807 482 1838; x_wconf 86' lang='lat' dir='ltr'>armornm</span> <span class='ocrx_word' id='word_1_119' title='bbox 500 1790 684 1850; x_wconf 75' lang='lat' dir='ltr'>intercessione,</span> <span class='ocrx_word' id='word_1_120' title='bbox 713 1793 762 1841; x_wconf 84' lang='lat' dir='ltr'>stn-</span> 
     </span>
     <span class='ocr_line' id='line_1_21' title="bbox 94 1876 761 1945; baseline 0 -19"><span class='ocrx_word' id='word_1_121' title='bbox 94 1877 184 1928; x_wconf 86' lang='lat' dir='ltr'>duerit.</span> <span class='ocrx_word' id='word_1_122' title='bbox 204 1879 260 1945; x_wconf 79' lang='lat' dir='ltr'>Quo</span> <span class='ocrx_word' id='word_1_123' title='bbox 271 1893 424 1941; x_wconf 79' lang='lat' dir='ltr'>quamquam</span> <span class='ocrx_word' id='word_1_124' title='bbox 433 1876 462 1924; x_wconf 89' lang='lat' dir='ltr'>in</span> <span class='ocrx_word' id='word_1_125' title='bbox 472 1876 564 1925; x_wconf 85' lang='lat' dir='ltr'>boram</span> <span class='ocrx_word' id='word_1_126' title='bbox 577 1879 617 1926; x_wconf 88' lang='lat' dir='ltr'>nti</span> <span class='ocrx_word' id='word_1_127' title='bbox 627 1876 714 1943; x_wconf 84' lang='lat' dir='ltr'>posset,</span> <span class='ocrx_word' id='word_1_128' title='bbox 725 1889 761 1927; x_wconf 91' lang='lat' dir='ltr'>ta-</span> 
     </span>
     <span class='ocr_line' id='line_1_22' title="bbox 93 1961 760 2028; baseline 0.001 -17"><span class='ocrx_word' id='word_1_129' title='bbox 93 1981 152 2012; x_wconf 91' lang='lat' dir='ltr'>men</span> <span class='ocrx_word' id='word_1_130' title='bbox 163 1974 219 2011; x_wconf 84' lang='grc'><strong>111111</strong></span> <span class='ocrx_word' id='word_1_131' title='bbox 230 1963 342 2020; x_wconf 84' lang='lat' dir='ltr'>demum,</span> <span class='ocrx_word' id='word_1_132' title='bbox 355 1979 435 2025; x_wconf 86' lang='lat' dir='ltr'>quum</span> <span class='ocrx_word' id='word_1_133' title='bbox 447 1961 563 2010; x_wconf 73' lang='lat' dir='ltr'>(lacendo</span> <span class='ocrx_word' id='word_1_134' title='bbox 572 1974 596 2011; x_wconf 86' lang='lat' dir='ltr'>et</span> <span class='ocrx_word' id='word_1_135' title='bbox 607 1963 760 2028; x_wconf 82' lang='lat' dir='ltr'>persuaden-</span> 
     </span>
     <span class='ocr_line' id='line_1_23' title="bbox 94 2046 760 2116; baseline 0.002 -18"><span class='ocrx_word' id='word_1_136' title='bbox 94 2048 127 2098; x_wconf 87' lang='lat' dir='ltr'>do</span> <span class='ocrx_word' id='word_1_137' title='bbox 138 2049 176 2097; x_wconf 83' lang='lat' dir='ltr'>nil</span> <span class='ocrx_word' id='word_1_138' title='bbox 186 2049 316 2114; x_wconf 81' lang='lat' dir='ltr'>reliquum</span> <span class='ocrx_word' id='word_1_139' title='bbox 326 2046 397 2104; x_wconf 81' lang='lat' dir='ltr'>esset,</span> <span class='ocrx_word' id='word_1_140' title='bbox 422 2046 453 2094; x_wconf 90' lang='lat' dir='ltr'>ad</span> <span class='ocrx_word' id='word_1_141' title='bbox 464 2064 519 2095; x_wconf 86' lang='lat' dir='ltr'>eam</span> <span class='ocrx_word' id='word_1_142' title='bbox 530 2046 669 2114; x_wconf 80' lang='lat' dir='ltr'>confugisse</span> <span class='ocrx_word' id='word_1_143' title='bbox 685 2067 760 2116; x_wconf 89' lang='lat' dir='ltr'>appa-</span> 
     </span>
     <span class='ocr_line' id='line_1_24' title="bbox 92 2133 759 2201; baseline 0 -17"><span class='ocrx_word' id='word_1_144' title='bbox 92 2147 138 2184; x_wconf 87' lang='lat' dir='ltr'>ret.</span> <span class='ocrx_word' id='word_1_145' title='bbox 174 2137 228 2201; x_wconf 82' lang='lat' dir='ltr'>Qua</span> <span class='ocrx_word' id='word_1_146' title='bbox 238 2136 265 2183; x_wconf 83' lang='lat' dir='ltr'>in</span> <span class='ocrx_word' id='word_1_147' title='bbox 276 2151 304 2182; x_wconf 89' lang='lat' dir='ltr'>re</span> <span class='ocrx_word' id='word_1_148' title='bbox 316 2133 425 2181; x_wconf 83' lang='lat' dir='ltr'>ducibus</span> <span class='ocrx_word' id='word_1_149' title='bbox 445 2150 517 2191; x_wconf 88' lang='lat' dir='ltr'>eum,</span> <span class='ocrx_word' id='word_1_150' title='bbox 544 2144 632 2200; x_wconf 86' lang='lat' dir='ltr'>utpote</span> <span class='ocrx_word' id='word_1_151' title='bbox 650 2137 759 2185; x_wconf 85' lang='lat' dir='ltr'>externis</span> 
     </span>
     <span class='ocr_line' id='line_1_25' title="bbox 91 2218 759 2288; baseline 0 -16"><span class='ocrx_word' id='word_1_152' title='bbox 91 2218 247 2288; x_wconf 76' lang='lat' dir='ltr'>potissimum</span> <span class='ocrx_word' id='word_1_153' title='bbox 256 2219 398 2269; x_wconf 84' lang='lat' dir='ltr'>rationibus</span> <span class='ocrx_word' id='word_1_154' title='bbox 409 2218 501 2279; x_wconf 85' lang='lat' dir='ltr'>ductis,</span> <span class='ocrx_word' id='word_1_155' title='bbox 511 2218 606 2270; x_wconf 81' lang='lat' dir='ltr'>scilicet</span> <span class='ocrx_word' id='word_1_156' title='bbox 615 2233 644 2271; x_wconf 88' lang='lat' dir='ltr'>nt</span> <span class='ocrx_word' id='word_1_157' title='bbox 660 2233 759 2272; x_wconf 87' lang='lat' dir='ltr'>trucem</span> 
     </span>
     <span class='ocr_line' id='line_1_26' title="bbox 88 2305 757 2374; baseline 0.001 -18"><span class='ocrx_word' id='word_1_158' title='bbox 88 2308 230 2374; x_wconf 86' lang='lat' dir='ltr'>populum,</span> <span class='ocrx_word' id='word_1_159' title='bbox 249 2307 354 2364; x_wconf 86' lang='lat' dir='ltr'>austero,</span> <span class='ocrx_word' id='word_1_160' title='bbox 373 2305 419 2353; x_wconf 82' lang='lat' dir='ltr'>sibi</span> <span class='ocrx_word' id='word_1_161' title='bbox 430 2305 530 2372; x_wconf 87' lang='lat' dir='ltr'>semper</span> <span class='ocrx_word' id='word_1_162' title='bbox 543 2309 757 2374; x_wconf 77' lang='lat' dir='ltr'>oppugnantium,</span> 
     </span>
     <span class='ocr_line' id='line_1_27' title="bbox 90 2392 758 2458; baseline 0.003 -17"><span class='ocrx_word' id='word_1_163' title='bbox 90 2393 253 2443; x_wconf 85' lang='lat' dir='ltr'>ethnicorum</span> <span class='ocrx_word' id='word_1_164' title='bbox 265 2392 421 2442; x_wconf 86' lang='lat' dir='ltr'>sacerdotnm</span> <span class='ocrx_word' id='word_1_165' title='bbox 430 2393 541 2458; x_wconf 87' lang='lat' dir='ltr'>imperio</span> <span class='ocrx_word' id='word_1_166' title='bbox 552 2394 695 2453; x_wconf 84' lang='lat' dir='ltr'>liberatum,</span> <span class='ocrx_word' id='word_1_167' title='bbox 709 2397 758 2443; x_wconf 86' lang='lat' dir='ltr'>mi·</span> 
     </span>
    </p>
   </div>
   <div class='ocr_carea' id='block_1_3' title="bbox 140 2599 755 2657">
    <p class='ocr_par' dir='ltr' id='par_1_4' title="bbox 140 2599 755 2657">
     <span class='ocr_line' id='line_1_28' title="bbox 140 2599 755 2657; baseline 0.005 -20"><span class='ocrx_word' id='word_1_168' title='bbox 140 2601 185 2649; x_wconf 85' lang='lat'>101)</span> <span class='ocrx_word' id='word_1_169' title='bbox 206 2599 258 2639; x_wconf 86' lang='lat' dir='ltr'>Sunt</span> <span class='ocrx_word' id='word_1_170' title='bbox 273 2600 327 2657; x_wconf 78' lang='lat' dir='ltr'>fere</span> <span class='ocrx_word' id='word_1_171' title='bbox 349 2599 409 2639; x_wconf 85' lang='lat' dir='ltr'>verba</span> <span class='ocrx_word' id='word_1_172' title='bbox 428 2599 535 2639; x_wconf 83' lang='lat' dir='ltr'>Kantzovii</span> <span class='ocrx_word' id='word_1_173' title='bbox 554 2600 592 2640; x_wconf 86' lang='lat' dir='ltr'>vol.</span> <span class='ocrx_word' id='word_1_174' title='bbox 611 2600 627 2640; x_wconf 87' lang='grc' dir='ltr'>Ι.</span> <span class='ocrx_word' id='word_1_175' title='bbox 645 2614 691 2654; x_wconf 84' lang='lat' dir='ltr'>pag.</span> <span class='ocrx_word' id='word_1_176' title='bbox 712 2614 755 2641; x_wconf 74' lang='lat' dir='ltr'>roa,</span> 
     </span>
    </p>
   </div>
   <div class='ocr_carea' id='block_1_4' title="bbox 85 2667 755 2797">
    <p class='ocr_par' dir='ltr' id='par_1_5' title="bbox 85 2667 755 2797">
     <span class='ocr_line' id='line_1_29' title="bbox 88 2667 755 2729; baseline 0.015 -22"><span class='ocrx_word' id='word_1_177' title='bbox 88 2667 113 2708; x_wconf 85' lang='lat' dir='ltr'>cf.</span> <span class='ocrx_word' id='word_1_178' title='bbox 131 2669 249 2729; x_wconf 74' lang='lat' dir='ltr'>Bugenhrg.</span> <span class='ocrx_word' id='word_1_179' title='bbox 268 2675 350 2716; x_wconf 85' lang='lat' dir='ltr'>Pomer.</span> <span class='ocrx_word' id='word_1_180' title='bbox 369 2675 395 2726; x_wconf 81' lang='lat'>11,</span> <span class='ocrx_word' id='word_1_181' title='bbox 416 2688 433 2714; x_wconf 91' lang='lat'>1.</span> <span class='ocrx_word' id='word_1_182' title='bbox 452 2673 557 2714; x_wconf 83' lang='lat' dir='ltr'>Helmold.</span> <span class='ocrx_word' id='word_1_183' title='bbox 572 2674 588 2727; x_wconf 75' lang='lat' dir='ltr'>I7</span> <span class='ocrx_word' id='word_1_184' title='bbox 604 2683 635 2728; x_wconf 74' lang='lat'>85,</span> <span class='ocrx_word' id='word_1_185' title='bbox 650 2684 668 2723; x_wconf 81' lang='lat'>8.</span> <span class='ocrx_word' id='word_1_186' title='bbox 689 2676 755 2717; x_wconf 82' lang='lat' dir='ltr'>Adam</span> 
     </span>
     <span class='ocr_line' id='line_1_30' title="bbox 85 2742 241 2797; baseline 0.032 -14"><span class='ocrx_word' id='word_1_187' title='bbox 85 2742 156 2784; x_wconf 83' lang='lat' dir='ltr'>Brem.</span> <span class='ocrx_word' id='word_1_188' title='bbox 170 2744 196 2794; x_wconf 84' lang='lat'>11,</span> <span class='ocrx_word' id='word_1_189' title='bbox 210 2760 241 2797; x_wconf 71' lang='lat'>51.</span> 
     </span>
    </p>
   </div>
   <div class='ocr_carea' id='block_1_5' title="bbox 0 0 826 3011">
    <p class='ocr_par' dir='ltr' id='par_1_6' title="bbox 0 0 826 3011">
     <span class='ocr_line' id='line_1_31' title="bbox 0 0 826 3011; baseline 0 2"><span class='ocrx_word' id='word_1_190' title='bbox 0 0 826 3011; x_wconf 95' lang='lat' dir='ltr'> </span> 
     </span>
    </p>
   </div>
  </div>
 </body>
</html>
