1641 3011
425 93 471 149 lat)

73 230 75 232 ’
113 214 329 301 conmutationis,
345 217 523 295 dirigendum,
538 225 781 291 ‘traaislcribenrlunn

112 312 279 379 relegendum
302 313 407 381 lingulis
433 314 604 376 monasteriis,
632 314 783 367 monasticae

112 402 246 466 religionis
264 399 423 467 spiritualem
434 398 568 460 militiam,
586 407 642 455 Deo
653 406 781 473 placitam,

112 486 265 537 homiuibus
280 498 421 555 acceptam,
440 487 565 537 celebrem
579 492 690 554 angelis,
707 492 782 540 terri-

112 575 193 625 bilem
215 575 346 647 hostibus,
373 583 403 625 ut
422 575 474 625 iam
490 591 536 641 per
554 567 641 623 omnia
662 579 783 627 coenobia

112 661 210 720 nostra,
234 661 280 710 sub
300 661 449 711 auctoritate
465 663 574 730 Spiritus
591 664 687 720 Sancti,
710 682 783 715 reno-

112 751 247 805 vavimus,
273 747 445 806 instituimus,
469 739 503 797 fic
521 749 640 814 deinceps
656 746 785 814 integram

113 835 290 898 illibatamque
301 832 461 898 perseverare
473 833 601 883 sancimus
612 841 686 900 atque
698 834 783 886 decer·

112 922 214 978 nimus,
249 908 459 968 ¹commendantes
486 938 541 968 eam
567 921 613 969 sub
639 918 785 970 testimonio

113 1005 209 1057 Christi
225 1016 249 1055 et
266 1004 382 1055 ecclefiae
400 1006 474 1055 vobis
492 1004 577 1055 electis
596 1005 739 1057 rectoribus
758 1023 786 1056 ac

114 1092 216 1141 dilectis
234 1090 370 1150 fratribus,
395 1110 441 1157 per
463 1110 510 1141 vos
528 1090 699 1141 nihilominus
718 1110 786 1141 com-

114 1176 286 1227 mendandam
321 1179 442 1227 omnibus
473 1178 561 1227 vestris
595 1177 784 1227 luecelloribus.

114 1264 154 1313 De
168 1272 266 1310 caetero
281 1262 310 1310 in
325 1265 431 1311 nomine
442 1265 551 1312 Domini
565 1262 639 1313 vobis
653 1263 785 1313 benedici-

113 1366 179 1399 mus.
219 1348 299 1399 Testis
322 1350 392 1398 enim
412 1350 479 1398 milri
500 1349 534 1398 est
551 1352 634 1409 Deus,
656 1335 785 1414 quomodo

115 1437 216 1503 cupiam
226 1451 315 1485 omnes
323 1452 369 1485 vos
379 1436 408 1485 in
416 1436 510 1487 Christi
518 1435 668 1494 visceribus,
678 1436 786 1486 timens*

117 1628 120 1633 .
180 1563 261 1612 Citius
272 1561 489 1613 transscribendae
502 1561 651 1631 epistolaeet
662 1564 720 1613 ideo
732 1579 786 1613 non

116 1649 221 1698 irritum
238 1648 353 1696 laborem
367 1651 531 1713 putavimus,
555 1650 638 1712 quod,
656 1661 785 1714 tamquam

117 1724 247 1801 quoddam
266 1734 345 1781 animi
362 1734 503 1782 Othoniani
523 1731 705 1797 pastoralisque
731 1734 785 1782 eius

114 1838 189 1870 curae
207 1818 406 1879 documentum,
424 1819 454 1869 ab
470 1818 526 1886 ipso
541 1819 699 1878 exhibitum,
717 1820 785 1869 lectu

116 1906 256 1974 digniffima
271 1905 307 1955 fit.
543 1895 544 1898 Ἴ
777 1894 778 1898 ’

168 2042 305 2090 Caeterum
312 2039 425 2104 episcopi
432 2037 629 2089 commonachis
636 2039 687 2087 suis
694 2041 785 2089 vivenss

117 2125 144 2175 di
153 2124 278 2174 rationem
289 2125 402 2177 Andreas
414 2128 455 2174 Gr.
464 2141 501 2191 ap.
512 2128 567 2175 Sur.
575 2129 605 2184 II,
617 2143 641 2191 p.
649 2126 680 2175 48
689 2127 784 2183 innuit,

116 2212 218 2270 dicens,
235 2228 309 2270 eum,
327 2211 390 2260 dum
400 2210 520 2260 omnibus
534 2211 685 2260 hominibus
699 2213 786 2260 omnia

115 2297 197 2348 factus
209 2296 301 2356 fuerit,
319 2296 454 2365 praecipue
464 2298 597 2347 monachis
609 2309 716 2364 patrem,
735 2284 785 2356 uel,

114 2396 144 2434 ut
152 2375 239 2434 uerius
253 2384 328 2444 dicat,
337 2395 444 2434 matrem
456 2381 538 2441 fulde,
557 2384 636 2442 senes,
654 2393 683 2431 ut
693 2393 785 2449 patres,

114 2462 256 2530 teneralle,
278 2470 407 2530 iuniores,
430 2472 473 2519 vel
488 2487 597 2536 pueros,
619 2482 649 2518 ut
665 2469 733 2520 filios
747 2471 786 2519 di-

116 2554 199 2607 lexille
217 2569 242 2607 et
257 2558 325 2606 inter
341 2574 383 2605 eos
395 2556 464 2622 quali
475 2573 545 2605 unus
557 2556 628 2604 exiis
641 2554 783 2604 ambulalle,

116 2642 186 2690 Idem
198 2645 248 2693 alio
261 2645 333 2701 loeo,
351 2659 424 2700 eum,
443 2643 543 2706 quoties
556 2651 585 2690 ex
599 2642 692 2691 itinere
705 2642 785 2690 redux

101 2790 103 2794 Ι
117 2723 198 2798 faetus
209 2726 393 2795 luillet4primo
403 2727 509 2794 semper,
522 2744 586 2777 num
597 2728 655 2794 quis
666 2733 783 2777 mortuus
