1641 3011
429 93 458 143 58

113 227 207 291 quippe
230 225 277 288 qui
296 225 424 288 tamquam
444 239 491 288 pro
513 227 639 275 calumnis
662 225 774 273 habendi

113 311 184 369 sunt,
206 311 234 360 in
252 310 291 357 via
306 309 406 375 positis,
424 325 469 367 ne,
486 310 514 357 in
527 308 616 361 sanctis
631 312 693 361 uiris
706 312 774 359 iudi-

114 397 214 454 candis,
231 414 244 445 a
255 406 321 445 recta
332 397 485 446 humilitatis
496 395 581 445 semita
591 400 619 447 in
631 397 723 447 excelsa
732 398 774 444 ab·

114 499 243 540 erremus,
270 484 377 532 minime
399 482 430 531 atl
450 499 496 532 nos
510 483 669 546 pertinentia,
709 486 776 533 Nam

113 586 160 619 nos
183 586 285 627 omnes,
306 571 378 628 licet,
401 569 486 628 illius,
509 555 584 633 quam
599 570 713 619 Christus
732 569 775 616 dn-

114 666 171 715 nat,
189 654 325 704 sanctitatis
337 656 455 719 eiusque,
475 670 537 717 quae
551 652 601 702 sola
613 656 681 719 apud
692 658 777 703 Deum

114 743 199 799 valet,
221 740 329 790 iustitiae
347 739 462 805 icspcctu
477 739 577 797 habito,
600 756 646 806 pm
664 739 776 798 diversis,

115 829 208 893 quibus
225 828 256 875 ad
272 845 300 874 ca
317 826 496 890 aspiravimus,
522 825 624 883 studiis,
654 830 717 874 inter
734 843 778 873 uos

114 913 194 978 gradu
211 910 316 968 diversi,
333 911 361 957 in
378 909 529 959 universum
546 920 645 970 tamen,
656 909 682 980 ss
693 913 778 960 Deum

113 993 288 1068 respiciamus,
312 1006 455 1061 peccatores
479 995 626 1043 aestimandi
647 997 733 1045 sumus
756 1008 779 1044 ct

113 1100 182 1133 unus
194 1082 261 1131 solus
271 1097 331 1130 vere
343 1080 440 1130 sanctus
452 1081 489 1143 2ὃ).
518 1082 558 1131 Sic
571 1084 663 1140 evenit,
680 1093 709 1130 ut
719 1099 779 1148 poa-

114 1181 153 1218 tac
166 1168 246 1218 illud:
264 1169 377 1216 Humani
389 1168 456 1218 nihil
469 1184 533 1215 ame
545 1169 656 1217 alienum
671 1178 733 1234 puto
741 1169 778 1231 ²9),

114 1254 158 1303 sed
168 1253 230 1309 alio,
249 1270 326 1317 quam
335 1252 380 1301 iste
394 1254 486 1312 voluit,
504 1253 585 1313 sensu,
602 1253 702 1306 summo
713 1256 778 1313 iurc,

115 1340 147 1389 ad
158 1343 205 1388 nos
218 1338 409 1387 accommodare
419 1339 544 1404 possimus.

179 1424 384 1474 Othonisautem
400 1423 431 1475 da
443 1425 575 1475 coenobiis
587 1427 648 1475 haec
663 1424 715 1474 suit
726 1425 780 1475 scn-

114 1512 194 1560 teutia
206 1511 252 1572 5⁰J:
269 1510 400 1569 Mundus,
416 1495 516 1567 aiebat,
539 1511 583 1559 ista
594 1523 662 1560 totus
675 1513 780 1561 exilium

47 1653 48 1657 Ἰ
114 1598 157 1655 est,
168 1606 193 1645 et
204 1594 328 1660 quamdiu
334 1596 447 1645 vivimus
457 1597 486 1644 in
495 1596 544 1646 ltoc
555 1596 662 1656 saeculo,
670 1599 781 1663 peregri·

115 1696 208 1732 namur
218 1698 231 1729 a
242 1681 369 1736 Domino,
390 1679 467 1728 unde-
476 1679 579 1730 stabulis
591 1698 694 1746 egemus
707 1692 781 1745 atquc

116 1765 276 1818 deversoriis.
317 1766 368 1834 Qui
384 1766 480 1824 multa,
503 1766 545 1815 val
561 1768 642 1816 nimia
659 1765 718 1826 csse,
741 1769 782 1816 val

116 1851 174 1903 fieri
184 1862 328 1916 queruntur
346 1849 502 1908 deversoria,
520 1868 573 1900 non
588 1852 613 1900 sc
629 1854 657 1900 in
670 1840 782 1918 persagn-

115 1940 217 1988 natione
226 1936 321 2003 positos
336 1947 441 2002 putant,
465 1936 546 1985 sedin
558 1940 644 2002 patria.
678 1940 730 2001 Qui
740 1939 758 1986 si
769 1957 783 1985 a

114 2024 266 2077 latrunculis
284 2022 401 2088 occupati
416 2020 528 2080 suerint,
556 2021 573 2070 si
591 2023 693 2088 spoliati
708 2034 782 2088 atquc

115 2109 197 2175 plagis
221 2110 303 2156 vexati
326 2105 426 2155 fuerint
451 2117 475 2154 et
497 2106 669 2155 ita‘semivivi
691 2110 781 2168 ralicti,

116 2204 182 2244 certe
199 2193 242 2241 vel
258 2193 336 2242 inviti
352 2193 527 2257 experientur,
545 2209 621 2257 quam
640 2193 734 2242 melius
753 2192 783 2242 sit

115 2283 187 2333 iuxta
196 2278 243 2331 effe
253 2279 387 2336 stabulum,
405 2296 481 2343 quam
491 2281 589 2344 procul.
614 2282 700 2348 Quum
712 2281 783 2329 anim

116 2367 267 2433 repentinus
283 2363 430 2430 supervenit
441 2367 568 2425 ¹interitus
586 2378 611 2415 at
629 2365 703 2416 dolat·
722 2365 783 2418 licut

117 2500 269 2515 m

169 2585 203 2631 28)
218 2582 264 2622 Lib,
280 2581 323 2621 lob.
338 2594 356 2633 4,
372 2591 402 2629 13.
417 2596 447 2634 19.
463 2592 495 2633 25,
510 2596 523 2634 4
536 2583 575 2635 sqq.

170 2658 202 2706 29)
218 2656 278 2710 Apud
292 2656 424 2707 Terentium,
440 2655 462 2695 in
475 2656 616 2697 Heautontim.
631 2658 647 2706 I,
664 2672 680 2697 t.
695 2664 726 2709 25.

169 2731 202 2778 60)
215 2731 317 2784 Anonym.
329 2731 533 2785 Canis.I,12.p.49.
548 2733 610 2771 Andr.
621 2732 687 2773 Grets.
699 2748 729 2787 ap.
741 2734 784 2773 Sur,

117 2805 135 2853 I,
148 2815 208 2856 2512.
221 2815 252 2854 57.
268 2804 292 2842 cs.
304 2805 415 2845 Seruatcris
425 2805 542 2860 parabolam
555 2806 578 2846 de
589 2806 681 2850 Samarit.
692 2809 742 2848 Luc.
757 2822 786 2848 ao.
