1641 3011
408 103 438 155 Sl

91 228 164 294 barn,
183 246 235 284 tarn
251 227 317 285 acres
335 253 405 286 nunc
419 233 495 285 unius
510 240 564 287 veri
575 240 625 289 Dei
641 237 665 287 te
682 252 752 305 prae-

91 323 179 373 bentes
196 319 320 381 cultores,
346 334 440 388 quanto
456 339 549 390 paucos
562 328 619 375 ante
632 324 684 375 dics
696 323 752 374 ido·

90 410 122 459 lis
139 408 300 459 adhaelillent
313 408 414 460 furore(
442 415 508 460 Tum
526 425 572 474 per
589 413 699 478 integros
715 410 753 459 [ea

90 506 173 561 ptem,
201 497 257 555 vel,
284 508 315 545 ut
335 498 470 547 nonnullis
486 497 582 562 placet,
606 497 753 561 quindecim

88 582 156 640 dies,
173 582 229 639 tale,
248 583 318 648 quod
328 586 400 633 Deus
414 585 439 633 ei
452 579 591 649 aperuillet,
607 571 752 647 praedicanss

31 713 32 716 ,
89 667 117 716 di
133 666 226 718 ostium
240 669 415 721 concionando
429 681 454 719 et
468 667 645 731 vcatechizando
662 670 753 737 ampli-

89 753 165 805 ficare
181 755 324 819 statuite).
350 759 427 814 Dein,
445 772 496 819 quo
508 754 665 822 purioribuS‚
682 757 751 816 ficut,

89 843 158 892 avito
171 859 255 900 more,
271 853 296 889 et
307 840 526 907 fibi‘persualerat,
544 843 635 891 animis
648 840 751 906 spiritus

88 927 167 975 sancti
176 928 203 975 in
213 926 297 975 sarlato
308 926 436 993 baptismo
444 927 511 976 dona
517 929 666 993 acciperent,
672 929 754 977 trium

88 1011 189 1062 dierum
203 1012 337 1079 indulgere
359 1031 401 1064 eos
419 1012 503 1080 adegit
518 1014 624 1063 ieiunio.
639 1004 641 1007 i
658 1014 752 1079 inipso

88 1109 173 1149 autent
192 1099 340 1164 baptizandi
360 1099 452 1157 inodo,
474 1116 525 1148 una
541 1117 600 1148 cum
615 1099 753 1149 tenerrima

88 1205 156 1245 cura,
173 1186 238 1234 mira
250 1184 316 1234 lenis
328 1185 422 1238 castitas
435 1187 517 1251 eluxit
536 1188 603 1235 Nam
614 1203 646 1235 ne
659 1184 751 1250 pudor,

84 1274 113 1321 in
122 1281 190 1331 toto,
208 1280 237 1318 ut
253 1280 309 1317 nnn
318 1271 403 1319 adhuc
414 1252 469 1320 mos
483 1282 547 1328 erat,
565 1270 750 1337 submergendo

85 1375 204 1423 corpore,
232 1355 318 1420 aliqua
336 1355 440 1404 tandem
461 1358 572 1415 ratione,
584 1380 588 1390 ·
602 1357 750 1414 violaretur,

83 1446 132 1494 tria
144 1443 296 1495 constituere
307 1440 372 1501 iullit
382 1432 646 1509 baptisteria‚'feminis
658 1458 748 1499 unum,

83 1572 234 1585 ——u-——n-

136 1641 171 1693 71)
185 1641 262 1691 „Breve
283 1642 367 1696 qnidem‘
388 1638 475 1692 spatium
488 1638 674 1677 *catechumenatua
702 1637 750 1676 Non

83 1718 104 1757 id
121 1717 215 1757 ferebant
234 1719 329 1771 antiquae
346 1720 413 1770 leges,
430 1727 469 1753 nec
482 1716 551 1766 priora
566 1714 703 1752 conciliorum
717 1713 751 1751 de-

83 1800 150 1838 111115
169 1805 212 1830 non
231 1793 287 1831 enim
304 1792 343 1831 nili
361 1774 456 1844 pluribus
476 1788 508 1826 vel
522 1786 623 1827 mensibus
642 1786 673 1825 vel
687 1786 750 1826 etiam

81 1868 140 1907 annis
155 1867 229 1906 exactis
244 1866 401 1919 baptizabantur
416 1860 560 1903 catechumeni
572 1874 643 1900 recens
653 1861 678 1900 ad
687 1860 750 1899 fidem

35 1982 36 1986 ,
82 1939 185 1989 conversi,
200 1941 311 1992 praecipue
325 1941 361 1994 qui
374 1937 518 1993 gentilismum
532 1934 655 1974 deierabant.
686 1933 751 1974 Cura·
782 1957 784 1959 v

81 2029 132 2063 ntus,
146 2025 168 2054 ut
182 2016 243 2068 longo
258 2026 350 2069 tempore
364 2017 474 2070 versentur
488 2013 511 2051 in
521 2007 612 2059 ecclelia,
628 2018 648 2049 ct
660 2010 750 2048 audiant

78 2089 198 2142 scripturas
220 2100 240 2129 et
259 2099 308 2129 tunc
333 2103 366 2128 eos
385 2089 527 2142 baptizantem
546 2083 645 2136 inquiunt
663 2082 749 2121 concilii

81 2159 305 2214 Constantinopolitani
318 2164 407 2216 patres.“
444 2161 497 2200 Sunt
514 2155 575 2197 verba
588 2155 603 2195 Ι.
615 2156 711 2208 Basnagii
724 2157 749 2196 tn

80 2235 221 2276 observatione
234 2238 256 2277 in
271 2236 376 2289 Anonymi
389 2236 451 2275 vitam
466 2231 556 2273 Othonis
575 2230 628 2282 apud
643 2229 709 2270 Canis.
724 2230 749 2269 in

79 2313 157 2363 antiqq.
171 2311 228 2360 lectt.
243 2321 318 2361 tom.5.
330 2319 435 2364 p.a.p.58.
447 2310 473 2349 lic
487 2310 566 2348 bonnm
577 2305 682 2344 Othonem
696 2305 749 2343 vitu-

79 2384 176 2437 perantis·
190 2403 217 2414 -e
244 2386 316 2438 Aquo
335 2385 377 2438 ipla
396 2383 512 2438 apostolicae
531 2382 578 2420 luae
592 2379 615 2417 in
628 2376 696 2416 hostili
709 2376 748 2417 Po-

78 2458 171 2499 merania
186 2458 310 2500 conditionis
323 2460 423 2499 festinatio
437 2456 497 2497 nobis
508 2469 556 2496 eum
567 2451 627 2493 facile
638 2449 747 2492 defendere

79 2533 164 2574 videtur.
205 2533 285 2574 Tamen
310 2534 346 2575 cel.
367 2534 406 2573 viri
428 2523 508 2571 monita
526 2528 612 2568 reticere
633 2518 745 2565 noluimus.

75 2606 120 2647 Iam
133 2610 220 2663 reliqna,
235 2618 286 2663 qnae
300 2609 387 2663 apostolo
399 2606 497 2647 acerrime
508 2602 531 2643 in
542 2603 667 2654 vituperium
678 2601 745 2650 vertit,

76 2682 169 2722 conferas
188 2685 320 2737 quaesumus,
343 2683 421 2731 lector,
439 2672 484 2720 loco
505 2676 585 2718 laudato
604 2675 640 2716 tub
655 2675 716 2715 Num.
731 2687 744 2723 5

76 2763 96 2793 et
110 2767 128 2806 4.
143 2756 258 2808 perscripta.
