1641 3011
442 95 472 140 98

129 220 191 267 dnm
203 220 231 267 in
245 220 429 270 horreiscastra
442 213 590 285 posuerant,
608 224 648 272 vei
657 223 707 269 iarn
721 233 799 270 antea

127 305 334 371 baptizatorum,
365 310 407 357 rei
422 307 579 371 baptismum
599 309 792 375 implorantium

130 394 202 442 urbis
227 388 373 445 accoiarum¹
394 393 570 444 recreabantur
596 395 790 446 conversatione.

130 481 221 544 Neque
238 484 345 532 omnino
363 482 394 531 de
407 478 575 530 Iuiinenfium
592 479 670 531 salute
688 481 737 532 fuit
749 481 792 530 de-

130 565 297 631 sperandum,
321 587 400 634 quum
418 586 498 617 unam
513 578 537 614 et
555 567 657 614 alteram
673 581 756 618 tamen
770 578 794 615 et

130 652 169 701 ibi
179 653 447 704 inveniffentsanctam
459 665 533 719 atque
544 651 664 701 finceram
677 658 792 704 animam.

133 742 200 805 Quas
214 744 450 790 onruesuuusviarn
458 741 579 805 praeibat,
594 741 795 789 cninomenNc-

133 824 231 875 damno
243 827 282 889 aa),
301 827 363 874 ciam
373 826 567 892 Bambergenies
580 809 673 874 eximio
683 825 797 891 quodam

132 929 217 960 amore
234 914 339 961 colens·
367 916 405 970 Is,
429 931 487 961 cum
506 911 582 971 filiis,
605 914 746 971 Othonem,
768 916 797 961 in

132 998 262 1047 maritimo
279 997 324 1047 sno
336 998 458 1049 Sedinunr
474 1000 560 1048 Versus
581 1003 685 1058 itinere,
710 1000 798 1048 diruet

131 1095 308 1151 propugnator
325 1085 424 1134 i'ecntus
443 1087 482 1134 est.
515 1086 583 1135 Navi
594 1087 678 1145 enim,
696 1085 797 1143 Viadro,

132 1168 225 1220 urbem
238 1171 343 1230 advehi,
365 1183 390 1220 et
406 1173 437 1221 ob
451 1172 569 1229 brevius,
593 1172 662 1235 quod
674 1173 702 1220 in
718 1170 798 1221 fluvio

134 1257 308 1305 emetiendum
325 1256 395 1313 effer,
406 1300 408 1303 ,
418 1257 540 1322 spatium,
557 1256 699 1322 praetuiiffe
709 1257 800 1306 viden-

132 1353 186 1402 tur,
204 1352 228 1390 et
246 1340 316 1407 qnod
326 1341 494 1391 harbarorum
513 1340 799 1392 incurhhus‘hcnrinns

135 1429 241 1477 obnoxii
255 1426 345 1477 forent.
381 1429 450 1478 Caris
470 1429 549 1494 igitur
567 1423 667 1476 itineris
685 1427 800 1475 modera-

133 1516 246 1582 toribus,
270 1533 302 1563 ne
321 1514 499 1564 Sedinenfibus
518 1511 627 1562 offensui
643 1513 691 1562 fint
708 1515 801 1562 timen-

91 1596 92 1600 ¹
134 1602 213 1658 tibus,
230 1617 311 1665 prope
327 1592 423 1647 urbem¹
432 1598 545 1656 dimitiis,
563 1599 591 1647 id
604 1599 673 1663 quod
686 1601 745 1661 ahias
759 1616 800 1647 eos

135 1689 187 1737 iam
201 1684 283 1734 facere
298 1685 425 1743 vidimus,
443 1684 802 1747 1111111110101111101111111-

135 1775 229 1823 bantur
239 1772 414 1837 ingruentem,
438 1787 489 1835 quo
501 1770 574 1817 tacite
586 1779 667 1817 tutam
678 1770 801 1834 principis

136 1876 219 1925 arcem
235 1860 365 1907 intrarent.
399 1860 477 1906 Mane
485 1867 573 1904 'utitem
585 1852 713 1902 Pandionis
728 1865 803 1916 atque

136 1946 213 2012 legati
233 1945 347 1995 [erratum
370 1942 499 2001 adierunt,
531 1952 560 1989 ut
580 1940 728 2006 episcopum
746 1958 805 1989 cunr

138 2032 189 2082 [uis
209 2034 276 2080 laute
299 2032 457 2096 exciperent,
487 2030 568 2084 cives,
594 2029 742 2091 principum
759 2044 805 2075 no-

138 2119 218 2175 minc,
235 2118 358 2166 iubentes.
394 2115 444 2164 Cui
457 2112 561 2177 quidem
572 2111 699 2170 mandato,
717 2115 806 2161 etiam-

139 2204 175 2262 st,
214 2204 363 2268 nuperrima
390 2200 473 2248 territi
506 2197 577 2246 urhis
611 2200 805 2263 expugnatione,

138 2290 225 2339 verbis
258 2286 356 2337 fortaffe
387 2304 446 2335 mox
478 2300 625 2351 oppugnare
658 2284 805 2342 destiterint,

139 2376 312 2426 nihilominus
334 2384 431 2431 tamen,
453 2390 501 2421 nec
523 2370 624 2436 tegaris,
651 2385 734 2432 neque
750 2369 805 2436 ipsi,

139 2464 199 2527 qui,
226 2479 272 2527 per
286 2452 290 2457 ’Ἴ
299 2462 411 2526 integros
435 2459 499 2508 duos
524 2454 636 2511 mades,
664 2458 755 2506 multas
778 2459 807 2505 in

140 2549 194 2597 dies
216 2545 308 2596 frustra
333 2547 468 2596 conciones
491 2545 607 2600 haberet,
626 2540 722 2592 Othoni
739 2560 766 2591 re
784 2553 808 2590 et

142 2667 293 2676 -—-·-—-—

194 2737 229 2785 99)
247 2738 366 2787 Anonymus
388 2732 464 2773 cinisii
482 2731 554 2781 11,15.
575 2743 618 2784 pag¹
634 2730 668 2769 65:
692 2730 809 2780 „chanre-

133 2812 201 2855 ‚rust‘
218 2829 242 2839 -
256 2808 331 2848 latenti
344 2823 362 2861 p.
377 2821 415 2858 5¹⁰
431 2808 589 2856 „Nrdanerusf‘
604 2827 628 2837 -
