1641 3011
390 133 421 181 37

78 261 148 312 dotes
169 256 277 307 lehovae
303 237 417 309 dicamur
440 260 570 325 iidemque
590 264 641 311 Dei
660 262 738 310 mini-

77 345 163 405 (trie).
198 343 278 392 Cuius
294 347 372 413 primi
384 346 521 396 Christiani
537 357 561 394 et
571 347 629 396 sane
643 347 737 414 gravis-

76 433 149 483 simae
164 429 203 476 rei
216 446 341 481 memores
357 433 430 481 nullo
443 432 540 480 idcirco
552 435 642 499 magis,
660 450 738 498 quam

75 519 124 568 hoc
144 513 200 581 ipso
219 506 377 570 sacerdotum
395 519 500 568 nomine
519 518 641 582 appellari
661 517 739 586 gavisi

75 600 177 663 sumn).
211 605 310 671 Quibus
322 604 340 653 sr
350 604 428 652 huius
440 602 519 652 nostri
530 606 652 667 temporis
663 606 738 655 Chri-

75 686 181 746 stianos,
203 698 254 739 tarn
270 691 359 749 laicos,
382 706 458 755 quom
475 689 592 746 clericos,
616 691 700 754 quales
713 690 739 739 se

76 771 123 823 elle
140 775 232 840 iactent
249 787 274 824 et
290 774 481 825 inuniversum
493 775 538 838 qui
550 772 598 822 srnt
613 792 740 841 compare-

74 877 132 911 mus
148 887 415 897 ——————
432 900 437 909 .
473 860 521 910 Sed
538 860 607 926 piget
620 862 739 910 iamtalis

74 958 126 997 tam
138 947 239 998 acerbae
253 948 455 1015 comparationis.
489 949 595 1013 Propter
607 948 739 997 contritio-

73 1051 133 1081 nem
149 1032 216 1082 filiae
226 1035 319 1099 populi
332 1035 384 1081 mei
396 1034 526 1092 conteror3
541 1023 685 1082 sordidatus
698 1035 737 1081 in-

74 1118 148 1176 cedo,
176 1119 263 1185 stupor
289 1120 397 1184 corripit
423 1135 471 1168 me.
515 1121 555 1169 rin
583 1117 739 1189 opobalsami

72 1204 141 1255 nihil
164 1204 198 1253 est
219 1205 248 1253 in
265 1204 387 1254 Gileade2
415 1222 446 1254 an
463 1204 577 1254 medicus
602 1204 689 1253 nullus
707 1203 740 1251 est

72 1289 142 1341 ibis,
157 1291 210 1342 Cur
232 1288 335 1340 tandem
355 1307 408 1340 non
432 1292 560 1341 canvaluit
576 1288 629 1339 filia
645 1290 737 1355 populi

72 1375 171 1439 mei⁵¹)!
200 1378 252 1425 Iam
275 1375 400 1441 „surgunt
423 1375 522 1424 indocti
537 1384 562 1422 et
581 1377 737 1431 caelumra-

72 1464 160 1527 piunt;
178 1471 202 1509 et
218 1477 265 1510 nos
277 1478 336 1509 cum
348 1461 470 1510 doctrinis
483 1461 573 1509 nostris
589 1460 640 1508 sine
653 1461 736 1517 corde,

73 1564 130 1596 eece
144 1545 192 1595 ubi
206 1546 351 1594 volutamus
368 1546 398 1593 in
415 1561 489 1593 carne
504 1555 528 1592 et
541 1535 713 1609 'sariguinetpl
722 1550 737 1572 ‘⁴

134 1635 230 1679 Verum
249 1631 422 1694 linquamus,
436 1631 488 1678 ia'm
505 1629 536 1677 ad
552 1631 655 1679 laetiora
672 1630 738 1679 sesti-

72 1726 173 1774 nantes,
192 1731 280 1781 parcos
298 1715 357 1764 illos
374 1716 488 1763 Deorum
500 1716 609 1765 cultores
624 1727 648 1765 et
658 1715 739 1765 infre·

73 1812 192 1868 quantes,
209 1799 362 1851 insanientes
389 1800 450 1848 dnm
468 1800 605 1865 sapientiae
629 1802 739 1851 consulti

72 1897 168 1944 errant,
186 1896 215 1936 ut
225 1884 364 1935 retrorsum
377 1885 513 1950 aliquando
522 1886 579 1934 vela
592 1886 650 1935 dare
663 1898 737 1949 atque

72 1973 164 2021 iterare
180 1970 268 2019 cursus
285 1981 405 2035 cogantur
419 1972 520 2019 relictos
527 1954 566 2033 53)
575 1971 736 2036 summopere

73 2067 210 2123 precantes.
245 2057 295 2105 Vos
306 2066 407 2115 contra,
425 2059 470 2119 qui
481 2056 538 2115 ista,
557 2074 620 2123 qnae
634 2057 665 2106 de
678 2074 738 2106 vera

74 2142 179 2207 apostoli
198 2141 287 2191 indole
303 2143 367 2201 iam,
390 2154 513 2207 quantum
527 2145 599 2192 locus
617 2143 737 2201 concessit,

74 2225 174 2278 fortasse
201 2227 321 2294 pauciora
343 2230 492 2288 attulimus,
528 2231 572 2296 pio
604 2231 738 2279 vobiscum

74 2316 160 2364 animo
183 2315 270 2364 omnia
291 2315 436 2374 volventis,
466 2317 526 2364 licet
543 2316 621 2365 ardua
641 2331 680 2363 res
700 2313 737 2372 fit,

127 2464 161 2513 29)
170 2462 208 2503 les.
219 2464 252 2513 61,
261 2464 280 2503 6.

126 2535 281 2589 5olNeanders
291 2536 416 2579 Denlzwrird.
427 2535 472 2576 Vol.
485 2549 501 2577 r.
512 2551 530 2591 p.
540 2545 571 2589 58.
584 2550 626 2590 179.

128 2609 162 2657 51)
172 2608 247 2651 ierem.
258 2619 277 2661 8,
287 2626 318 2653 21.
328 2626 361 2653 22.

128 2681 162 2732 52)
173 2684 279 2736 Augustini
290 2687 371 2727 consess.
382 2686 436 2736 tin,
447 2694 466 2734 8.

128 2758 161 2809 55)
174 2756 246 2799 Horat.
258 2772 320 2800 earm.
331 2761 347 2812 I,
357 2772 388 2813 54.
402 2770 465 2813 1-5.
