1641 3011
331 163 377 215 157

22 293 88 347 senis
100 293 222 347 virtutem
234 298 333 357 parum,
348 292 464 349 dixerim,
478 296 599 341 curante'n
634 295 687 340 Iam

23 384 105 434 rotam'
119 382 174 428 eius
190 380 293 428 alteram
312 379 474 447 apostolicam
490 377 687 444 expeditionem,

23 487 104 538 quum
119 478 208 517 tamen
224 486 238 515 a
254 483 347 515 coaevo
366 476 468 513 auctore
479 465 617 513 memoriae
628 481 688 530 pro-

23 560 75 609 dita
92 551 134 614 fia,
164 555 314 604 addubitare
335 562 465 601 conantur.
505 548 622 601 Profecto
641 567 688 600 nos

22 658 124 709 quoqne
132 643 161 690 in
169 638 327 707 depellendis
338 649 362 686 ct
370 637 630 687 refutandistenebris
637 642 688 687 Ro-

19 730 103 776 ·manis
121 729 221 777 nobiles
238 725 355 791 ipsorum
376 725 475 773 labores
493 742 568 788 quam
585 726 690 774 maximi

20 813 184 863 aestimandas
201 814 333 860 exanimo
353 823 486 877 putamus,
505 810 597 858 11311-
614 812 690 870 „sunt

20 902 82 949 certi
101 899 213 965 denique
232 897 308 958 fines,
338 916 401 964 qnos
424 899 492 947 ultra
510 898 624 962 citraque
646 914 690 946 nea

20 989 75 1052 quit
100 984 230 1036 consistere
252 987 386 1037 rectnm!“
403 1014 435 1021 -
468 988 544 1043 Sane,
568 984 616 1034 ubi
639 995 690 1034 tota

18 1075 92 1131 talis‘,
110 1091 191 1139 prope
211 1074 299 1124 diviua
315 1075 368 1122 vita
384 1075 513 1138 optimum
525 1074 577 1120 iam
590 1073 642 1121 viri
654 1083 690 1120 te-

19 1159 168 1209 stimoninm
194 1161 325 1217 exhibuit,
354 1160 451 1221 aliquot
473 1159 562 1216 etiam,
585 1156 617 1192 '—
638 1159 690 1206 iam

17 1246 180 1294 rescribimus
203 1246 355 1294 sententiam
373 1244 448 1309 supra
465 1246 554 1300 iatam,
572 1270 603 1278 -
621 1261 690 1293 erro-

18 1349 105 1391 res‚-—
117 1343 141 1380 et
152 1335 228 1398 quain
239 1331 326 1398 pusilli
338 1341 421 1395 atque,
433 1348 462 1379 ex
472 1341 551 1397 parte,
559 1328 612 1379 fere
623 1332 690 1380 nulli

20 1421 48 1467 in
68 1419 191 1468 centuriis
210 1420 279 1466 allati
297 1419 430 1483 apparent!
448 1443 480 1451 —
496 1434 550 1466 non
566 1419 644 1476 tanti,
661 1426 690 1466 ut

20 1506 62 1553 vel
81 1505 175 1570 singuli
193 1503 401 1570 percenseantur,
429 1506 556 1553 momenti
577 1504 690 1554 habendi

19 1590 84 1639 [unt.
103 1616 133 1625 —e
165 1590 235 1647 Nifi,
263 1590 333 1654 quod
354 1601 439 1639 tamen
461 1591 551 1640 strictis
574 1591 688 1641 indicare

19 1677 108 1725 verbis¹
129 1693 183 1724 non
199 1675 250 1724 aufi
268 1675 340 1733 sunt,
366 1677 474 1725 illorum
490 1694 592 1742 quoque
607 1678 689 1727 incre-

21 1761 143 1810 dibilium
175 1761 387 1834 exantlandorum
409 1764 569 1834 iomeranici
591 1765 687 1830 aposto·

19 1849 91 1896 latus'
116 1848 235 1895 laborum
262 1847 432 1897 hierarchicas
454 1847 555 1914 potius,
584 1848 688 1911 scilicet,

18 1945 48 1983 111
69 1950 148 2000 papae
173 1932 299 1982 ditionem
322 1936 397 1983 novis
420 1933 587 2001 amplificaret
605 1939 687 2001 terris,

20 2038 96 2086 quam
115 2022 170 2087 pias
191 2018 282 2070 caudas
306 2021 391 2069 ansam
410 2022 551 2087 praebuiffe
571 2024 689 2091 suspicati

20 2107 79 2156 sunt
105 2107 344 2174 M'agdeburgenses.
392 2109 423 2158 At
446 2110 550 2158 maioris
572 2107 689 2177 profecto

21 2194 142 2251 alicuius,
161 2212 237 2258 qnam
247 2194 348 2252 miseri,
366 2187 425 2243 licet
438 2198 547 2244 maxime
558 2198 635 2246 11111111
649 2218 690 2248 co-

19 2280 94 2338 leret,
116 2296 195 2344 papae
213 2297 310 2337 amore,
335 2296 393 2330 eum
410 2279 598 2333 inflammatum
614 2302 689 2350 opor-

19 2367 81 2423 tuit,
110 2366 155 2431 qui
183 2363 236 2413 fere
266 2365 441 2431 sexagenarius
469 2376 580 2428 tantum,
611 2369 689 2431 1111110,Ι

19 2450 96 2517 quern
112 2454 141 2501 in
162 2453 245 2502 nostra
263 2451 294 2501 de
313 2470 342 2501 eo
361 2452 500 2519 scriptione
517 2458 696 2525 exhibuimus„

18 2537 134 2597 fervore,
152 2541 241 2590 iterata
253 2541 310 2589 vice
324 2556 388 2606 opus
403 2543 547 2609 attingeret!
565 2571 596 2579 -
694 2528 695 2531 ¹

113 2628 169 2692 Pag.
189 2626 226 2678 56.
244 2629 304 2677 Not.
324 2629 361 2677 23.
379 2654 411 2663 —-

21 2713 84 2760 Sunt
94 2712 172 2760 verba
184 2730 213 2761 ex
224 2714 310 2762 indice
321 2711 457 2780 marginali
466 2716 586 2765 Snrianae
593 2718 667 2768 Grets
681 2749 691 2759 -

19 2799 86 2847 niani
95 2798 210 2849 Andreae
222 2800 348 2853 ,editionis
362 2801 518 2868 deprompta.
