1641 3011
310 146 312 149 ’
345 159 389 209 trs

36 288 109 341 stum.
145 290 252 351 Corpus,
268 286 422 337 'aromatibus
438 286 618 346 conditumin
628 297 702 336 mon-

36 386 87 427 tem
101 375 136 426 Sti
149 372 283 422 Michaelis
296 374 408 421 delatum
424 372 471 430 est,
492 372 637 422 confluente
653 390 702 421 un-

37 462 113 527 dique
131 459 235 524 populo.
269 458 332 517 Ubi,
356 459 420 508 clum
438 471 587 523 praecentor
604 459 702 524 incipe,-

36 560 73 600 ret
86 542 421 610 antiphonam:‘„Domine‚
438 543 537 608 suscipe
550 550 621 605 me,“
640 556 700 595 caet.

22 637 125 698 ¹ingens
144 635 261 681 omnium
278 628 352 679 fletus
373 641 475 680 exortus
497 630 537 680 est.
574 632 701 682 Postremo

36 728 119 766 autem
137 729 193 766 ante
210 719 287 765 altare
302 718 437 765 Michaelis
453 717 585 774 laudatus,
603 719 701 767 mauso-

34 806 75 854 leo
92 803 137 853 suo
155 802 289 869 impositus
306 803 345 853 est.
384 803 506 853 Intestina
521 820 594 862 vero,
617 804 702 854 inur-

35 907 93 940 uam
108 888 191 948 milla,
209 890 238 938 in
250 889 337 938 medio
352 889 442 961 *sacelli
457 889 521 938 setae
538 890 635 940 Mariae
650 890 703 938 vir-

35 978 101 1042 ginis
130 974 237 1041 reposita
256 975 340 1026 surtt.“
364 1003 396 1011 ·—
428 978 460 1026 At
483 977 583 1026 animus
604 975 702 1034 beatus,

34 1089 65 1097 —-
86 1079 144 1120 nos,
167 1062 285 1111 'Andreae
306 1063 347 1124 193)
375 1061 475 1119 verbis,
500 1062 649 1122 adiicimus,
671 1087 703 1096 —

34 1167 91 1202 ,ecce
104 1149 175 1213 quod
187 1149 337 1214 concupiuit
348 1149 399 1195 iam
410 1146 495 1207 videt,
513 1148 583 1213 quod
593 1139 706 1214 speravit*

33 1246 117 1294 tenet,
140 1235 180 1282 illi
205 1233 239 1282 est
260 1235 362 1282 iunctus
383 1235 412 1283 in
433 1235 526 1294 caelis,
556 1250 632 1299 quem
652 1245 704 1283 tota

33 1330 121 1370 mente
144 1320 234 1369 dilexit
256 1321 285 1370 in
305 1321 394 1371 terris!
411 1347 443 1356 -
476 1325 558 1391 Quam
573 1319 604 1370 de
621 1322 702 1371 exitus

35 1408 158 1473 praeclari
174 1408 226 1456 viri
243 1409 406 1467 relationem,
425 1407 577 1457 admodum
593 1409 703 1457 auctoris

34 1493 125 1551 nostri,
150 1494 256 1560 egregiis
273 1493 384 1560 (lenique
400 1495 566 1554 Imbriconis,
589 1495 703 1561 episcopi

34 1580 237 1646 Herbipolitaui,
264 1582 364 1642 verbis,
389 1581 482 1648 quibus
502 1581 548 1631 suo
576 1583 605 1632 iu
626 1582 703 1631 illum

34 1663 141 1714 funebri
156 1666 269 1715 sermoni
282 1669 321 1730 199)
341 1666 420 1716 finem
439 1668 575 1734 imposuit,
600 1669 703 1716 conclu-

35 1750 193 1801 dereliceat:
218 1753 262 1811 „Si
281 1754 394 1819 uspiam,
421 1755 467 1814 ait,
491 1753 554 1803 ficut
570 1753 704 1803 esthuma-

34 1854 82 1885 nae
94 1835 254 1902 fragilitatis,
272 1848 339 1886 tanta
350 1841 405 1888 eius
420 1857 509 1905 opera,
526 1849 610 1888 tantae
622 1840 702 1905 ipsius

36 1922 146 1970 Othonis
165 1923 339 1973 miserationes
358 1936 382 1973 et
403 1926 468 1974 bene
490 1924 566 1985 facta,
590 1927 702 1976 humana

34 2006 123 2066 laude,
140 2009 182 2056 vel
193 2009 320 2058 humanae
336 2009 419 2060 lauclis
432 2013 590 2070 intentione,
614 2013 702 2061 titilla-

34 2102 60 2141 ta
71 2092 143 2154 sunt,
161 2095 204 2144 vel
215 2097 346 2157 maculata,
364 2097 443 2161 (nihil
455 2099 529 2149 enim
538 2098 595 2149 satis
606 2116 703 2167 purum

35 2194 120 2230 coram
134 2180 235 2231 summo
250 2182 347 2246 iudice)
368 2195 467 2251 rogate,
491 2185 595 2250 quaeso,
617 2197 701 2253 rogate

87 2433 132 2483 198)
147 2431 207 2487 Apud
221 2432 305 2474 Surium
319 2447 363 2490 pag.
378 2446 410 2488 74.

87 2509 132 2557 199)
146 2507 205 2547 Inter
223 2510 349 2550 recentiores
367 2518 435 2550 totum
459 2511 570 2566 exhibent,
596 2515 702 2556 Meillerus

33 2590 78 2632 pag.
93 2591 139 2620 220.
159 2590 179 2621 et
197 2582 319 2634 Gramerus,
341 2586 376 2640 qui
398 2586 460 2627 etiam
479 2592 612 2631 vernaculam
630 2590 704 2631 versio-

32 2664 81 2693 nem
100 2653 125 2709 ad
139 2655 217 2697 calcem
236 2658 322 2709 adiecit,
341 2660 377 2701 lib.
391 2661 407 2711 I,
421 2667 513 2716 pag.'85.
542 2665 607 2705 Exstat
621 2678 703 2718 quoque

32 2739 63 2780 ap.
78 2729 180 2784 Anonym.
195 2730 262 2773 Canis.
277 2735 319 2782 ΙΙΙ,
333 2735 407 2777 ultimo
423 2738 501 2792 capite,
516 2751 548 2792 47.
563 2748 584 2780 et
597 2739 701 2782 Andrean

31 2801 118 2845 Gretser.
134 2805 188 2860 apud
202 2806 247 2850 Sur.
262 2808 297 2860 IV,
312 2820 329 2860 5.
344 2823 365 2868 p,
380 2825 411 2864 71.
