1641 3011
426 99 456 148 52

110 232 167 278 licet
190 244 249 295 prae
274 220 389 275 ornniunr
414 225 494 275 oculis
519 228 588 289 esset,
618 227 778 296 deperditum

109 316 252 374 lamentati,
274 314 411 365 hincinde
431 314 613 377 discurrendo,
636 335 720 368 curiles
737 336 777 366 ex-

110 403 203 453 culldre
222 404 328 467 angulos
347 413 371 450 et
389 402 500 458 Caesari,
521 401 689 456 scse'nullum
706 406 777 454 iure-

110 489 185 550 nisse,
202 490 367 539 tremebundi
384 490 536 539 indicarunt.
573 493 672 557 Quibus
688 492 778 541 leniter

111 580 263 643 imperator:
281 577 505 626 VocateOtlronem
518 593 606 623 meum
620 590 644 624 et
655 580 684 626 ali
695 597 723 627 eo
733 579 778 626 sci-

112 665 251 713 scitaminil
275 664 324 728 Qui
344 672 448 709 vocatus
466 663 609 727 comparuit
628 674 652 710 et
670 664 699 713 de
712 666 777 713 libro

111 753 294 815 iuterrogatus,
318 764 402 796 coram
419 748 572 815 imperatore
584 750 707 798 iacentem
721 770 779 802 mox

113 840 208 887 levavit
219 846 415 899 reverenterque
425 833 550 900 Tporrexit.
586 840 661 885 Hunc
673 838 779 885 admira-

112 936 151 974 tus
160 921 257 979 Caesar,
270 922 364 971 aiebat:
383 924 473 988 etquis
487 933 538 970 tam
548 923 632 972 nitido
645 924 779 973 innovavit

113 1011 289 1077 operimento?
302 1010 353 1058 Cui
364 1009 626 1059 submilsrssrchtlro:
641 1026 779 1075 ego‚augu-

115 1097 210 1147 stillrme
222 1094 317 1146 Caesar.
336 1100 393 1164 Quo
405 1098 542 1163 intellecto,
553 1098 606 1154 ille,
618 1098 713 1145 collum
726 1098 780 1144 eius

115 1185 197 1231 amico
208 1181 331 1247 stringens
344 1184 470 1248 amplexu,
485 1200 594 1247 eumque
607 1184 740 1240 osculatus,
752 1185 781 1231 in

113 1268 175 1317 haec
188 1269 308 1332 prorupit
319 1268 410 1316 verba:
428 1270 498 1317 Vivit
509 1270 652 1318 Dominus!
671 1268 732 1318 sicut
743 1271 780 1327 tu,

113 1355 180 1403 inter
188 1363 283 1402 caetera
289 1346 437 1419 diligentiae
445 1345 620 1412 monumenta,
632 1355 781 1421 psalterium

113 1458 208 1499 meum,
218 1440 315 1489 vetusto
327 1451 432 1489 exutum
443 1442 563 1507 tegmine,
575 1457 643 1489 novo
655 1439 782 1488 illustrasti

106 1529 282 1594 operimenta,
297 1526 328 1574 stc
335 1538 358 1574 et
365 1544 410 1593 ego
420 1538 452 1585 te,
465 1527 619 1593 paupertatis
629 1528 716 1575 tunica
725 1526 781 1592 spo·

117 1614 217 1670 liatum,
224 1613 252 1659 in
258 1613 321 1660 nori
330 1612 435 1661 lionoris
447 1614 549 1660 eulmen
559 1614 683 1680 extollam.
702 1618 732 1660 Et
742 1630 782 1661 ex-

115 1698 177 1747 inde
190 1699 324 1762 quaerebat
337 1700 566 1763 opportunitatem*
577 1697 710 1762 Quomodo
723 1714 782 1746 eum

113 1801 265 1852 promovere
282 1795 305 1832 et
316 1782 458 1850 pontificali
468 1781 551 1832 insula
563 1783 684 1833 redimire
695 1782 780 1850 pollet.

113 1897 144 1906 --
167 1876 292 1921 Hactenus
315 1882 402 1920 auctor
421 1870 511 1920 noster.
529 1896 561 1903 -
594 1871 677 1920 Nobis
697 1881 781 1919 autem

112 1960 315 2016 narratiuncula,
338 1960 425 2007 nativo
444 1956 566 2022 quodam,
590 1975 666 2021 quem
685 1957 782 2007 redolet

116 2044 235 2103 candore,
256 2045 388 2110 probabile
405 2045 518 2093 veritatis
532 2055 710 2108 argumentum
722 2063 782 2111 prae

114 2130 139 2178 se
151 2128 218 2178 serre
228 2130 337 2179 videtur.
372 2130 420 2178 Sed
431 2128 494 2177 fides
506 2127 574 2194 apud
585 2140 712 2178 auctorem
723 2131 780 2179 ello.

113 2220 182 2265 Inter
201 2216 263 2265 haec
283 2217 350 2265 Otho
374 2225 398 2264 et
419 2214 533 2264 aedilitio
550 2215 659 2278 quodam
676 2234 782 2265 munere

112 2301 276 2360 iuncturas,
295 2303 325 2351 ab
337 2304 503 2368 imperatore,
522 2300 554 2349 ob
571 2303 664 2359 raram,
681 2319 729 2366 qua
741 2319 781 2350 ex-

112 2389 231 2448 cellebat,
248 2388 441 2455 parsimoniam,
458 2388 557 2452 templo
570 2390 671 2437 Sanctae
684 2390 781 2438 Mariae

113 2476 223 2543 Spirensi
236 2475 392 2526 aedificando
408 2474 573 2543 praepositus.

174 2562 339 2631 Episcopatus
350 2574 435 2614 autem
446 2562 495 2610 hoc
507 2559 538 2609 ad
551 2578 610 2608 eum
623 2559 699 2610 modo
711 2561 781 2610 dela-

113 2656 155 2696 tus
167 2651 207 2700 est.
235 2650 379 2716 Augustano
391 2659 416 2697 et
428 2645 638 2696 Halberstadiensi
655 2646 782 2714 episcopa-

110 2733 194 2794 tibus,
211 2737 270 2786 licet
281 2737 402 2802 precibus
413 2735 554 2800 imperator
566 2733 681 2800 repulsae
692 2733 783 2782 acriter
