1641 3011
333 165 363 214 99

19 297 85 367 sacto
95 304 218 356 nmquam
229 291 341 344 obsecuti
352 291 416 344 sunt.
451 294 526 353 Narn3
546 307 608 357 qnos
618 295 681 344 huc·

19 401 100 451 usqne
110 377 266 428 Christianos
280 379 464 439 convenissent,
480 379 593 448 pessimos
609 377 682 428 fuisse

20 467 181 526 dictitabant,
200 478 310 517 caeteros
326 467 447 525 vexandi,
466 466 511 515 sibi
527 479 611 517 antem
622 466 682 532 ipsis

20 552 142 624 quicquid
159 553 257 603 sceleris
274 552 427 619 indulgendi
447 555 618 619 peritissimos,
641 552 682 603 su-

19 641 123 709 persim,
145 638 305 699 ambitiosos,
330 656 380 704 quo
396 639 555 705 propositum
574 639 684 706 asseqne÷

19 738 120 786 rentur,
141 745 173 777 ne
189 726 235 792 ipsi
254 727 358 791 qnidam
376 744 436 776 snae
453 725 608 792 persuasioni
626 746 683 793 par-

21 825 110 864 centes.
138 814 209 861 Talia
219 812 243 859 se
256 814 336 862 aDiis
348 813 399 863 suis
411 813 519 861 minime
531 801 616 861 doctos
630 813 683 861 esse.
728 806 730 816 ²

20 904 72 952 Cur
93 902 172 967 igitur
188 899 360 966 superstitioni
376 899 531 958 cedentium,
558 901 624 950 avita
640 898 688 949 sna

20 990 116 1037 mirum
130 997 252 1053 qnantum
271 987 393 1037 deteriori
405 988 462 1051 ¹⁰⁰)?
479 1013 510 1023 -
534 991 602 1056 Quae
610 1000 622 1044 ,'
636 986 686 1037 five

19 1092 78 1123 vera
90 1073 199 1131 fuerint,
217 1073 267 1122 sive
280 1085 410 1139 praetextu
420 1073 457 1122 nsi
469 1074 516 1122 smt
527 1073 684 1144 Sedinenses,

20 1171 111 1219 tamen,
124 1161 230 1209 illorum
243 1160 436 1210 recordantibus
449 1161 533 1217 nobis,
547 1161 600 1223 qni,
613 1162 687 1208 omni

21 1257 150 1313 tempore,
181 1246 337 1295 sacrosancto
363 1247 497 1296 servatoris
524 1246 630 1294 nomine
655 1244 687 1294 ad

20 1331 116 1380 nefaria
138 1349 253 1397 quaeque
275 1333 398 1399 patranda
419 1331 509 1381 misere
532 1331 600 1379 abusi
618 1331 685 1390 snnt,

21 1420 104 1483 priori
120 1421 176 1467 loco
191 1419 302 1484 positum
320 1419 496 1475 verisimilius,
519 1418 586 1481 proh
600 1417 687 1466 dolor!

21 1503 169 1570 habendnm
175 1504 216 1563 est,
224 1521 300 1570 qnam
306 1505 438 1554 nossemus.
448 1506 550 1553 Etenim
556 1505 624 1552 nnili
630 1521 688 1552 nm-

23 1607 98 1654 qnam
106 1591 208 1639 barbari
219 1594 296 1639 tantis
308 1609 395 1639 veram
405 1591 573 1640 Christianam
583 1591 688 1655 religio-

22 1692 81 1722 nem
91 1677 172 1739 plagis
186 1673 337 1734 affecerunt,
357 1691 434 1738 quarn
446 1674 493 1740 ipsi
506 1674 616 1723 simulati
633 1676 689 1723 eius

24 1761 147 1808 cultores!
165 1785 196 1794 -—
213 1759 473 1819 TamenSedinenses,
485 1760 503 1809 st
514 1762 585 1827 paria
596 1759 650 1819 fibi,
662 1779 690 1809 ao

25 1848 130 1895 caeteris
139 1847 296 1903 Christianis⁷
305 1864 318 1893 a
328 1846 489 1911 principibus
500 1847 556 1894 inra
566 1846 690 1894 concede·
713 1876 715 1880 ·

23 1943 120 1989 rentur,
138 1943 162 1979 et
174 1933 280 1979 illorum
292 1930 456 1996 persuasioni,
470 1931 529 1980 licet
541 1931 689 1998 pervertissi-

23 2033 85 2073 mae,
97 2016 185 2075 senon
197 2018 307 2081 amplius
320 2017 487 2066 reluctatoros
498 2019 610 2083 polliciti
623 2017 689 2068 sunt.

25 2102 73 2152 Sed
92 2103 164 2166 prins
184 2119 273 2165 quam,
295 2102 327 2149 ad
342 2119 419 2167 qnem
435 2102 538 2151 tandem
554 2101 633 2152 finem
651 2122 692 2154 res

24 2187 147 2253 perducta
163 2187 200 2246 sit,
216 2204 371 2246 enarremus,
389 2191 485 2255 parreia,
501 2206 564 2255 qnae
577 2190 691 2257 prudens

27 2274 93 2323 otho
109 2273 282 2340 sapientissima
299 2274 331 2322 iis
349 2273 522 2341 responderit,
541 2277 690 2326 exhibenda.

26 2364 125 2409 Praeter
143 2360 311 2410 Christianam
326 2361 425 2408 nnllam
441 2364 547 2411 omnino
564 2361 609 2410 esse
627 2361 693 2411 affir-

28 2445 112 2494 mabat
122 2445 271 2505 doctrinam,
279 2462 342 2510 quae
351 2444 469 2497 funditus
479 2448 598 2499 homines
607 2467 694 2498 emen-

29 2529 88 2577 dare
100 2535 201 2583 valeret
237 2534 285 2582 Sed
296 2531 313 2581 fi
326 2550 338 2579 a
352 2532 501 2582 Christianis
516 2553 618 2601 qnoque
631 2533 694 2583 faci-

25 2652 180 2666 Μ

80 2724 125 2772 roo)
141 2723 240 2765 Kantzow
255 2727 293 2766 vol¹
308 2728 324 2767 Ι.
339 2739 359 2780 p.
375 2739 418 2767 102,
441 2728 465 2767 cs,
482 2725 544 2768 Andr.
561 2727 626 2768 Grets.
642 2729 696 2782 apud

27 2799 71 2838 Sur.
86 2797 112 2848 Is,
128 2808 159 2850 25.
174 2811 218 2853 pag⁴
235 2810 267 2852 55.
594 2793 595 2796 ¹

494 2881 546 2929 G*
