1641 3011
429 124 460 171 30

108 248 225 301 mentum
235 264 339 317 'ponere
358 252 480 317 gestidio,
495 254 575 316 ⁴quom
588 252 657 319 quod
668 252 777 319 positum

109 335 143 390 est
158 337 435 405 amundi'prinoipiis,
452 365 484 375 -
499 339 582 389 Iesum
597 338 731 392 Christum.

175 429 257 493 Quem
267 427 470 476 tametnmiuime
481 427 615 477 exaltatum
624 426 779 476 tradendum

110 511 231 571 essepssed
249 515 349 580 qualem
363 513 416 580 ipse
433 515 507 563 unice
524 511 684 563 salutiferum
704 513 777 563 nobis

109 599 134 647 se
146 599 272 666 praebuit,
291 601 369 649 nostri
381 598 461 648 caussa
472 599 646 660 humiliatum,
663 599 717 667 ipsa
728 601 778 649 iam

109 686 149 737 res
163 687 242 736 docet.
278 691 325 746 „In
335 685 503 736 inferioribus
518 685 661 737 aedificavit
672 687 718 737 fibi
729 688 778 736 liu-

75 782 76 785 ’
109 774 200 822 misem
215 774 321 821 domum
338 773 369 821 de
382 774 443 821 limo
459 772 557 831 nostro,
575 791 621 840 per
632 791 709 838 quam
720 761 778 822 subss

111 860 208 909 dendos
225 859 379 925 deprimeret
393 858 442 908 ase
453 848 525 925 ipsts,
549 871 573 908 et
594 861 625 909 ad
642 860 667 908 se
679 861 778 929 traiice-

110 956 161 1001 ret‚
178 942 267 993 sanans
279 955 421 1003 tumorem,
440 955 464 994 et
476 946 592 995 nutriens
605 962 730 1005 amorem,
748 962 779 994 ne

110 1028 205 1082 fiducia
225 1029 265 1081 sui
274 1031 492 1098 progrederentur
506 1032 621 1098 longius,
639 1030 682 1079 sed
693 1034 779 1097 potius

110 1115 317 1177 infirmarentur,
340 1118 457 1168 videntes
476 1118 622 1184 antepedes
637 1118 694 1167 suos
706 1114 779 1166 infir-

111 1221 180 1253 mam
193 1202 354 1255 divinitatem
368 1223 398 1255 ex
410 1189 605 1271 participatione
615 1206 715 1253 tunicae
726 1203 780 1270 pel-

110 1291 188 1338 liceae
200 1289 311 1348 nostrae,
336 1301 361 1339 et
376 1291 425 1340 lassi
440 1292 660 1357 prosternerentur
677 1291 779 1346 ineam,

109 1376 155 1424 illu
171 1384 257 1424 autem
269 1373 374 1441 surgens
387 1376 483 1424 levaret
494 1393 537 1424 eos
549 1378 606 1437 21)1“

113 1503 115 1510 .
174 1462 255 1512 Cuius
269 1460 327 1511 sane
340 1461 469 1512 mirandae
484 1471 507 1511 et
522 1459 660 1511 ineffabilis
672 1460 780 1510 humili-

110 1547 183 1607 tatis,
203 1548 248 1609 qni
263 1547 355 1613 dignus
368 1559 392 1595 et
405 1566 462 1596 cum
479 1548 566 1596 fructu
576 1565 667 1614 praeco
677 1545 724 1595 esse
737 1564 780 1595 ve-

110 1633 154 1690 lit,
183 1632 302 1682 eumdem
325 1634 380 1682 eius
401 1645 425 1681 et
443 1635 599 1682 imitatorem
616 1633 662 1681 esse
679 1633 780 1691 debere,

110 1735 164 1768 non
177 1734 242 1784 opus
256 1719 459 1769 erit-admonitu.
483 1723 535 1768 Iam
546 1736 575 1767 ex
588 1719 670 1767 allatis
681 1717 709 1767 id
720 1736 780 1767 oon-

109 1802 232 1869 sequitur.
262 1808 342 1853 Verus
356 1805 482 1870 apostolus
493 1815 588 1853 rectam
599 1806 712 1852 retinens
727 1805 781 1852 aui-2

109 1890 147 1938 mi
158 1890 290 1957 egestatem
299 1890 371 1938 uulsa
382 1890 533 1939 hominibus
545 1890 623 1948 dabit,
639 1889 688 1938 nisr
700 1907 713 1937 a
723 1892 780 1938 Deo

110 1986 216 2042 accepta.
241 1979 384 2041 Tamquam
394 1993 437 2025 vas
450 1976 579 2041 quoddam
591 1975 636 2024 sibi
646 1975 780 2024 habendus

112 2059 269 2118 est‚sosiDeo
279 2062 385 2111 sacrum.
405 2061 488 2131 Quod,
496 2078 546 2127 quo
554 2062 633 2127 magis
643 2062 715 2110 omni
724 2060 780 2120 alia,

111 2163 188 2212 quam
201 2164 250 2212 qua
264 2148 319 2215 ipse
330 2152 401 2198 Deus
416 2148 579 2214 impleverit,
598 2157 678 2197 careat
693 2165 732 2206 re,
750 2164 779 2195 eo

109 2234 203 2298 purius
213 2233 304 2297 illique
315 2234 441 2300 acceptius
453 2234 607 2295 censendum
619 2234 674 2283 erit
706 2235 780 2282 Sum-

109 2334 214 2385 mopere
233 2329 329 2377 autem,
353 2339 385 2369 ne
401 2319 448 2386 ipsi
468 2321 531 2386 quid
549 2319 687 2369 infundere
705 2334 779 2365 cone-

109 2420 178 2464 mur,
190 2405 339 2456 cavendum.
372 2409 439 2457 Nam
451 2406 518 2467 fons,
537 2407 638 2471 dequo,
656 2403 779 2473 tale-quid

110 2491 275 2558 cupientibus
284 2493 382 2543 miseris
394 2493 482 2553 nobis,
505 2494 559 2543 solo
569 2492 673 2541 haurire
683 2491 776 2549 liceret,

109 2577 194 2643 ipsum
215 2578 359 2645 malignum
380 2579 437 2630 esset
460 2598 502 2630 eor
528 2580 650 2630 nostrum.
694 2577 778 2628 Aliam
808 2645 810 2647 Ι

109 2701 261 2718 Μ

141 2742 142 2747 ¹
164 2765 200 2813 21)
209 2763 289 2817 August.
300 2768 352 2810 conf.
363 2768 407 2818 VH,
419 2776 448 2813 18.
