1641 3011
441 95 471 147 50

59 271 60 274 η
126 224 245 288 eluceret}
267 230 346 276 immo
364 235 396 274 ne
414 226 528 294 patrulis
547 231 649 294 quidem
660 229 788 293 elementa

127 317 259 383 religionis
278 315 401 379 explicare
417 322 533 378 gravatus
551 317 590 363 est,
624 322 653 366 tn
670 317 788 365 omnibus

128 417 210 452 autem
230 400 384 467 respectabat
402 400 528 447 honorem
549 400 658 461 Christi,
685 402 790 451 salutern

128 490 233 557 populi,
252 497 426 557 contemptum
437 485 484 542 sui,
500 483 580 531 sitiens
594 487 640 536 sibi
650 507 702 538 non
714 489 790 547 suam,

129 578 172 625 sed
181 576 289 626 Domini
300 572 346 620 else
358 574 493 619 utilitatem
512 574 679 632 quaerendam
691 580 717 639 a),

194 661 255 717 Sed,
274 676 353 723 quum
364 657 438 705 brevi
449 658 610 704 immaturam
622 658 715 711 ducissa
726 678 791 710 mor*

131 762 183 798 tem
201 744 310 802 obiisset,
329 743 412 791 denuo
423 745 510 791 Deum
522 742 617 801 solum,
636 743 794 796 fortissimum

133 836 219 884 salutis
241 831 298 881 suae
321 847 413 887 cornu,
436 828 560 894 respicere
587 829 690 880 edoctus
709 835 741 882 est
756 834 793 895 10’),

133 927 213 976 Tum,
236 917 329 982 quibus
352 916 429 966 modo
452 915 592 974 affinxerat,
615 917 699 965 subito
721 920 795 968 bonis

134 1016 231 1062 exutus,
249 1003 414 1052 hatisbonam
431 1001 454 1050 se
475 1003 591 1061 contulit,
609 1004 726 1051 Bavariae
742 1016 797 1052 turn

135 1091 257 1157 temporis
286 1089 460 1153 metropolin,
488 1087 535 1136 ubi
562 1090 590 1136 in
618 1091 799 1137 canonicorum

136 1171 274 1229 numerum
296 1174 435 1240 adscriptus
454 1174 493 1223 estv
531 1177 594 1223 llsox
611 1186 708 1233 antem,
730 1177 799 1224 Heli-

136 1257 163 1312 'ca
174 1265 212 1324 Η),
231 1262 335 1309 Henrici
347 1262 508 1324 imperatoris
525 1272 608 1326 nepte,
625 1261 801 1310 Ratisbonensi

135 1350 162 1399 tt
173 1346 294 1413 temporis
313 1343 443 1402 abbatissa,
469 1345 574 1403 iisdem,
593 1364 652 1410 quas
671 1348 738 1413 apud
755 1348 801 1396 du-

138 1433 221 1484 cissam
235 1432 386 1489 obtinuerat,
404 1430 505 1478 vicibus
524 1448 583 1479 eum
599 1430 674 1497 fungi
691 1433 801 1494 jubente,

138 1517 239 1570 laetioii
250 1517 353 1565 fortuna
365 1516 425 1564 usus
438 1517 546 1565 videtur.
582 1519 621 1566 Sic
637 1520 730 1567 iterum
743 1537 802 1585 pro·¹

139 1613 239 1654 curator
251 1601 344 1657 sactus,
362 1602 437 1649 etiam
449 1602 600 1649 llatisbonae
615 1605 642 1651 in
658 1605 700 1652 via
711 1607 802 1653 Domi-

140 1695 168 1742 ni
191 1687 297 1756 gradum
319 1688 414 1744 tenuit,
443 1703 523 1751 usque
548 1687 623 1745 dum,
651 1690 803 1753 imperatore

139 1780 204 1838 lianc
220 1776 311 1823 urbem
328 1773 437 1829 visente,
455 1774 483 1820 in
499 1776 679 1823 accuratiorem
693 1756 746 1825 elui
759 1795 804 1826 no-

139 1864 222 1912 titiam
236 1860 360 1926 pervenit.
396 1859 447 1926 Qui
456 1860 555 1916 virum,
571 1877 659 1923 quem,
678 1872 805 1924 tamquam

140 1945 280 2014 pretiosum
295 1943 423 2008 quoddam
436 1941 567 2006 κειμήλιον,
592 1947 671 1994 enixis
686 1935 805 2012 precibus

143 2052 156 2080 a
176 2028 250 2096 nepte
265 2034 455 2096 impetraverat,
473 2031 599 2092 primum,
618 2048 692 2093 quem
709 2034 804 2091 dicunt,

145 2118 309 2183 Capellanum
319 2114 431 2171 adscivit,
438 2114 498 2162 dein
508 2132 520 2161 a
529 2114 627 2164 secretis
637 2116 682 2166 sibi
692 2130 715 2167 et
724 2120 806 2185 postea

142 2204 264 2270 temporis
280 2202 452 2251 consiliarium
465 2202 586 2248 intimum
599 2213 671 2266 atque
686 2207 805 2253 cancella-

143 2317 295 2331 μ-..σ-ο--ν

194 2377 214 2427 9)
230 2374 319 2413 Andreas
336 2372 425 2412 Gretleri
440 2375 492 2428 apud
508 2372 594 2413 ltteitter.
609 2371 622 2410 l.
639 2374 671 2412 cit

199 2450 229 2499 io]
244 2447 269 2487 ln
287 2448 353 2499 ptime
364 2446 402 2487 hac
417 2449 451 2488 sua
466 2447 520 2502 apud
534 2447 622 2486 Polonos
646 2449 805 2488 commoratione

144 2521 250 2566 Othonem
265 2521 288 2561 ab
299 2522 413 2563 Gnesnensi
428 2524 523 2576 episcopo
538 2520 603 2559 sacros
614 2521 695 2560 ordines
709 2524 807 2574 accepisse

145 2599 233 2652 conjecit
247 2596 353 2637 Meillerus
370 2611 415 2652 pag.
431 2611 462 2647 15.

197 2675 230 2723 it)
244 2672 349 2712 ludithum
368 2672 459 2712 Andreas
479 2670 522 2710 abb.
537 2670 618 2724 usurpat
637 2672 689 2725 apud
705 2670 808 2711 Ialchiam

145 2757 188 2799 pag.
205 2757 234 2796 η
