1641 3011
392 165 421 213 to

74 297 120 345 illo
131 296 182 343 iam
193 286 343 354 quaestionis
355 291 451 340 nostrae
462 286 521 339 finis
533 284 667 356 ponendus
679 292 735 339 erit.

75 386 128 432 Hoc
142 385 243 424 tantum
255 363 358 426 lectores
372 379 485 426 monitos
501 378 633 441 cupimus,
650 377 745 436 nobis,-

74 481 153 533 quum
169 446 410 529 prolegomenorum
421 463 544 511 terminos
559 464 609 513 iam
621 464 736 530 aliquan-

73 565 129 601 tum
136 549 273 616 transgressi
280 550 363 609 simus,
374 567 427 598 non
438 547 590 597 nilisumma
600 567 736 600 1511111101-

72 637 124 704 pita
136 637 279 703 attingenda
292 635 345 685 esse.
379 634 467 693 Unde,
489 650 543 682 non
558 633 653 700 singula
664 655 677 685 a
688 654 735 685 no·

70 724 110 772 bis
128 723 265 790 disputari,
284 723 327 771 sed
343 723 371 771 in
387 719 538 770 universum
550 721 635 785 potius
651 724 737 770 omnia

71 811 144 859 Pauli
162 811 277 876 exemplo
293 820 318 857 et
334 807 456 874 ipsissimis
473 807 527 855 eius
543 806 628 855 verbis
645 806 736 855 confir-

71 896 138 944 mari
158 893 239 961 polle,
261 893 336 943 facile
354 893 491 959 apparebit.
525 892 640 949 Accedit,
666 893 737 958 quod

70 979 207 1032 notissimae
219 998 258 1031 res
273 981 344 1038 sunt,
364 979 395 1027 de
409 978 450 1027 die
463 977 494 1027 de
506 989 593 1039 nocte,
611 980 688 1028 etiam
701 989 735 1028 at-

70 1083 119 1133 que
131 1069 221 1127 etiam,
240 1069 325 1116 animo
336 1065 492 1114 volvendae!
555 1068 556 1071 ’

132 1153 203 1202 Idem
220 1153 264 1200 ille
281 1168 388 1216 magnus
408 1162 433 1199 et
450 1151 583 1200 mirandus
599 1151 733 1209 Tarsensis,

69 1240 129 1287 licet
148 1239 294 1287 sanctorum
310 1237 431 1304 sanguine
452 1237 581 1297 maderet,
602 1237 735 1303 splendida

69 1324 114 1372 illa
131 1323 239 1382 visione,
258 1341 321 1389 quae
340 1324 468 1389 squamas,
486 1335 514 1373 ut
529 1324 554 1372 se
572 1325 657 1389 ipsum
669 1325 733 1389 aspi-

71 1420 137 1458 ceret
157 1412 238 1475 qualis
257 1408 326 1468 esset,
351 1409 383 1458 de
400 1411 480 1458 oculis
501 1410 525 1457 ei
545 1407 733 1473 detralrerettfi),

69 1496 99 1543 ab
110 1495 286 1561 ipsoDomino
299 1496 424 1561 apostolus
436 1496 538 1553 electus,
548 1492 661 1553 infimae,
673 1512 734 1560 qua-

70 1582 121 1630 lem
132 1581 186 1647 ipse
202 1580 227 1630 se
245 1580 375 1639 describit,
394 1579 549 1629 conditionis
561 1580 653 1639 homo,
671 1591 734 1629 tam·

70 1683 147 1731 quam
160 1668 238 1715 morti
250 1665 379 1722 addictus,
399 1666 494 1730 quippe
506 1666 551 1731 qui
562 1665 673 1725 mundo,
692 1685 735 1716 an-

70 1752 133 1817 gelis
144 1751 345 1817 hominibusque
356 1751 526 1816 spectaculum
536 1752 679 1816 praeberet,
697 1751 735 1801 sa-

70 1854 139 1886 mem
150 1837 267 1902 sitimque
278 1839 400 1894 tolerans,
417 1837 483 1884 male
494 1837 605 1896 vestitus,
623 1840 734 1902 graviter

70 1934 181 1981 vexatus,
191 1924 288 1987 ubique
301 1923 420 1970 oberrans
436 1932 461 1969 et
473 1939 596 1970 manuum
609 1925 733 1989 operari·

71 2019 140 2058 ctum
157 2007 203 2057 sibi
219 2024 353 2073 quaerens,
375 2007 585 2057 maledicentibus
598 2008 664 2058 bene
676 2027 733 2077 pre-

71 2113 143 2154 cans,
160 2094 346 2161 persecutiones
360 2093 503 2161 perferens,
522 2096 644 2145 conviciis
658 2098 734 2146 laces-

71 2182 151 2233 sentes
168 2182 271 2231 lrortans
290 2193 314 2231 et
329 2199 432 2248 rogans,
450 2181 562 2246 dumque
577 2183 636 2249 plus
657 2202 734 2249 quam

73 2270 163 2318 caeteri
181 2285 269 2317 omnes
289 2269 430 2326 laborabat,
457 2285 504 2333 pro
521 2281 688 2335 purgamento
710 2282 735 2319 et
757 2270 758 2275 ’

72 2367 198 2406 terrarum
214 2355 283 2405 orbis
299 2356 400 2421 piaculo
418 2355 570 2417 lrabiruso),
591 2366 658 2404 recte
678 2358 735 2422 qui-

72 2439 131 2490 dem
142 2453 166 2491 et
178 2452 293 2508 expertus
303 2442 382 2498 testis,
401 2456 481 2505 quum
492 2440 523 2489 ad
534 2444 630 2491 Galatas
643 2442 735 2491 scribe-

72 2529 164 2589 retssss),
183 2531 343 2596 evangelium
356 2547 369 2576 a
381 2525 404 2576 se
419 2526 541 2577 traditum
558 2547 610 2579 non
627 2528 735 2579 51151111-

77 2650 228 2662 -ι--ι-

125 2722 158 2772 56)
173 2721 217 2760 Act.
232 2737 251 2774 9,
269 2731 367 2770 18.-22,
382 2736 394 2773 5
409 2723 448 2777 sqq.

127 2798 160 2847 at)
177 2809 185 2835 1
203 2794 227 2835 11
243 2795 290 2835 001·-
305 2810 324 2848 1,
339 2809 417 2850 1-15-
471 2800 503 2849 as]
520 2811 536 2849 1,
553 2811 582 2839 11·
