1641 3011
344 149 387 193 'sss

35 277 166 331 finxerant,
179 270 222 319 sed
235 272 262 319 in
273 269 441 321 multitudine
453 270 548 345 horum
562 289 645 320 unum
659 272 702 334 1³5)

34 378 118 416 tamen
141 363 169 408 in
192 359 259 408 caelo
276 364 363 409 Deum
385 357 566 424 agnoscebant,
596 361 699 407 caeteris

36 449 229 520 imperitantem.
263 451 416 510 Praepotens
433 446 478 494 ille
496 454 551 492 erat¹
564 453 588 491 et
601 454 700 493 tantum

36 534 147 589 caelestia
160 551 262 592 curans,
279 549 361 597 quum
373 533 534 598 reliquorum
548 532 650 595 cuique,
669 532 700 579 ab

34 625 79 673 illo
97 621 199 687 stirpem
216 619 332 677 ducenti,
351 630 417 668 certa
432 619 555 685 quaedam
566 618 610 667 sua
622 637 700 684 nego-

34 710 68 757 tia
81 706 162 757 esseut.
198 707 247 758 Sed
261 722 290 753 eo
302 705 441 754 nobiliores
455 706 628 763 habebantur,
646 723 699 771 quo

32 797 146 845 Deorum
164 798 219 843 Deo
242 793 321 857 magis
343 788 429 839 affines
449 801 526 839 erant.
566 794 586 838 E
605 793 700 854 quibus

32 881 89 930 sane
114 877 255 930 numerosis
282 879 339 926 Diis
368 878 412 925 alii
439 887 518 925 totam
543 877 585 924 vel
606 887 701 924 terram
745 871 746 874 ¹

33 968 74 1017 vel
89 966 250 1034 provinciam
267 963 401 1022 curabant,
419 962 527 1029 lingulas
541 973 641 1018 tantum
656 980 700 1011 nra

32 1055 75 1103 bes
88 1055 138 1102 alii.
168 1054 208 1102 Sic
218 1056 239 1102 T
241 1052 323 1116 riglav
334 1049 510 1100 Sedinenliu'm
520 1052 635 1099 tutelaris
647 1060 700 1097 erat

31 1142 109 1196 Deus*
118 1149 142 1194 et
157 1135 337 1192 Inlinenlium‚
360 1135 454 1181 exinaio
467 1137 539 1184 cultu
550 1135 661 1200 gaudens
674 1145 699 1188 et

30 1243 121 1291 magna
144 1222 277 1271 servornm
298 1230 404 1268 caterva.
428 1220 481 1283 (lt)
522 1221 622 1290 Quibus
643 1221 700 1286 plu-

30 1313 104 1359 rimis
133 1306 306 1356 sacerdotibus
333 1304 448 1355 summus
478 1307 584 1373 quidam
611 1324 700 1373 praeee

30 1404 68 1443 rat
87 1391 217 1460 pontifex,
245 1391 332 1440 Setlini
352 1390 438 1440 sedem
458 1393 567 1451 habens,
597 1404 621 1440 et
643 1394 700 1458 qui-

32 1480 145 1529 (semita
166 1477 313 1527 anctoritate
337 1478 437 1543 pollens
452 1479 505 1541 1²4),
539 1489 582 1537 nt,
613 1478 647 1527 ¹ad
669 1479 700 1529 il-,

31 1568 86 1615 lum
107 1564 254 1632 praesertim
276 1563 386 1617 terribili
404 1566 432 1613 vi
453 1564 509 1623 sua,
534 1583 583 1631 qua
600 1545 699 1632 semper

31 1653 63 1702 acl
96 1664 182 1701 motus
215 1650 360 1699 excitandos
392 1652 421 1700 in
446 1653 583 1717 populares
614 1653 700 1706 abute-¹

30 1749 108 1797 retur,
126 1736 396 1804 penitnsexuenclum,
415 1729 577 1787 Pomeraniae
590 1750 614 1787 et
626 1740 700 1789 Polo-

31 1827 89 1875 niae
111 1824 241 1891 principes
264 1833 364 1887 gentem
380 1824 550 1873 Christianam
572 1822 630 1873 fieri
649 1836 701 1874 tam

31 1912 131 1960 strenue
158 1907 280 1975 cupivisse
306 1908 480 1971 videanturl).
524 1914 564 1960 De
587 1911 700 1978 publico,

33 2015 117 2061 quem,
132 2012 212 2059 quum
224 1998 253 2044 in
263 1997 359 2061 templa
370 1995 551 2056 convenissent,
562 2000 619 2046 Diis
630 1998 700 2051 exl1i÷

31 2084 122 2133 berent
135 2084 221 2140 cultu,
238 2082 288 2131 lroc
300 2093 400 2131 tautum
413 2101 563 2142 monemus,
581 2095 611 2133 ut
621 2086 701 2133 maxi-

32 2187 99 2216 mam
111 2171 235 2234 temporis
246 2180 344 2234 partem
355 2171 464 2218 oraculis
475 2171 597 2230 vacarint,
607 2172 701 2236 quibus

34 2256 93 2321 equi
114 2253 279 2304 inservirunt.
325 2259 394 2323 Quos
413 2257 518 2321 quidem
534 2259 701 2307 vaticinantes

88 2415 132 2466 125)
148 2414 199 2468 Bog.
212 2414 366 2456 Sonnenmann.
378 2413 494 2468 Litargon,
510 2417 547 2456 mit
562 2416 607 2467 clem
622 2408 705 2456 Nerea-

33 2485 116 2539 begrz'ff
133 2490 170 2529 der
185 2488 309 2541 Heiligsreit.
339 2490 386 2529 Atta
400 2491 509 2542 Aazeigen
524 2491 623 2548 stimtnen
638 2491 705 2530 demit

35 2561 133 2611 liberem,
153 2565 202 2620 dass
217 2566 370 2605 Swanrewtr
384 2579 413 2605 zu
428 2565 539 2606 Artena
558 2564 617 2619 jetzcr
637 2564 705 2604 Eine

35 2638 132 2692 grosse
152 2640 213 2680 Gora
226 2640 327 2694 genesen.
356 2640 420 2679 none
437 2639 480 2679 Vol.
496 2642 511 2690 t,
526 2653 571 2694 pag.
589 2648 632 2690 198.

90 2725 127 2763 124
143 2710 174 2752 Cf.
189 2712 331 2768 Hasselbach‚
348 2714 457 2769 Senatsctr.
473 2728 518 2769 pag.
535 2727 577 2756 toa.

74 2834 76 2839 y
92 2787 108 2837 *J
125 2785 156 2826 Cf.
173 2788 275 2842 Anonpm.
293 2790 359 2830 Canis.
375 2791 401 2840 ΙΙ,
418 2803 433 2830 1.
448 2802 493 2843 pag.
509 2800 539 2841 55.
