1641 3011
427 87 460 135 88

116 210 231 272 helinus,
256 197 404 266 constitutus
427 225 492 274 erat,
516 218 667 283 cognitionis
687 217 773 283 gradu,

117 306 172 351 nou
183 300 382 366 improbandum
391 304 500 353 videtur.
518 306 600 361 Immo
609 307 703 372 potius,
714 311 777 352 tem·

116 387 209 452 porum
218 386 324 437 suorum
331 389 565 461 ratiouehabita,'—
571 388 684 454 (quibus,
690 392 776 458 paucis

118 467 779 538 'exceptisinuniversumhominesiilibatadivina-

55 625 57 631 Α
117 576 177 608 rum
191 555 278 610 rerum
292 561 396 614 scientia
407 564 526 622 destituti,
542 560 690 613 Christianis
702 563 778 632 rebus

119 639 223 696 eatenus
233 658 341 710 tantum,
349 664 482 717 quatenus,
497 667 555 701 cum
565 641 640 698 armis
651 658 675 696 et
685 651 783 714 poetica

120 733 237 800 quadam,
253 736 370 797 dixerim,
387 755 426 787 res
438 732 584 787 aestimandi
600 729 782 785 consuetudine

120 820 264 879 sociandae,
282 823 374 870 iisdem
390 824 537 872 exercendis
549 822 702 871 occasionem
712 837 783 887 prae-

121 898 218 970 berent,
229 906 357 955 indulsisse
367 908 499 970 uidentur)
511 935 543 942 -
555 926 615 957 eum
626 896 677 956 tam
688 906 785 972 sapien-

121 984 160 1043 ter
175 989 365 1051 idiotismus,
383 993 529 1043 laetandum
546 1004 571 1041 et
584 992 732 1040 mirandum
744 992 783 1040 est.

121 1077 190 1126 Nam
200 1077 247 1142 ubi
259 1097 278 1127 e,
288 1097 309 1147 g.
318 1079 349 1129 de
364 1078 569 1138 confirmatione,
586 1080 628 1129 vel
641 1077 783 1126 chrismatis

123 1157 254 1224 unctione,
262 1165 414 1228 verbasacit,
422 1160 786 1219 eamnonadsenectutemesse

125 1245 290 1301 differendam
306 1265 405 1314 monet,
421 1255 464 1304 sed
480 1253 595 1320 inipsruvs
608 1250 786 1301 adolescentiae

123 1332 225 1384 fervore
240 1338 446 1405 percipiendam,
469 1357 550 1405 quum
567 1340 611 1387 illa
629 1348 693 1387 aetas
709 1337 788 1402 magis

125 1419 235 1469 obnoxia
245 1423 274 1472 fit
284 1426 475 1475 tentationibus.
509 1425 621 1475 Nullum
632 1433 724 1478 autem,
741 1420 789 1469 uisi

122 1505 253 1572 probatis,
276 1527 340 1575 quos
353 1530 366 1560 e
378 1512 520 1563 Christiana
535 1510 693 1561 institutione
705 1524 790 1574 perce-

126 1595 207 1658 perit,
225 1598 379 1662 cognitionis
392 1596 531 1654 fructibus,
548 1614 577 1646 ea
587 1597 678 1646 donari
688 1595 791 1645 manda-

127 1678 166 1727 vit
175 1680 213 1742 77).
249 1683 359 1731 Coenam
375 1683 468 1733 sacram
484 1684 572 1732 docuit
584 1683 670 1731 cibum
681 1679 727 1730 esse
739 1682 792 1729 ani-

127 1767 165 1814 mi
185 1783 288 1827 verum,
313 1771 392 1818 vitam
413 1769 483 1819 inse
502 1770 642 1822 habentem,
659 1778 792 1825 aeternam,

127 1853 235 1902 victuris
245 1856 304 1904 ideo
324 1867 348 1903 et
358 1858 491 1905 rnorituris
508 1853 677 1904 necessarium.
712 1855 792 1903 Cuius

129 1941 259 2001 quemuis,
277 1951 316 1989 ter
331 1944 373 1991 vel
384 1952 472 2007 quater
483 1959 528 2008 per
541 1957 649 1998 annum,
667 1937 794 1988 1011151110-

128 2039 161 2073 ne
172 2022 249 2083 facta,
267 2029 418 2093 participem
434 2026 491 2076 fieri
501 2026 572 2076 1111111.
604 2030 696 2082 Porro,
715 2041 795 2088 quum

130 2109 161 2159 de
177 2110 302 2176 baptismo
318 2115 480 2179 loqueretur,
498 2128 599 2171 omnes,
618 2111 663 2176 qui
674 2111 725 2165 iam
736 2109 794 2159 sub-

128 2198 221 2257 ierint,
238 2199 355 2259 ultimae,
377 2199 491 2259 indies,
514 2200 581 2248 uitae
602 2198 678 2247 horae
697 2214 793 2246 memo-

119 2285 169 2335 res
184 2283 230 2334 esse
243 2285 333 2334 debere
346 2285 485 2346 admouit,
502 2297 590 2351 utque,
608 2286 663 2334 eius
678 2283 793 2347 respectu

129 2371 233 2430 stabim,
251 2374 349 2421 avitum
358 2374 386 2423 111
397 2373 421 2421 se
431 2375 528 2421 malum
539 2371 656 2422 funditus
670 2368 795 2447 eradicape

131 2475 208 2523 quam
226 2461 335 2511 maxime
351 2461 522 2513 accelerarent.
535 2460 565 2523 78)
600 2460 686 2526 Quum
703 2466 795 2514 autem,

184 2663 215 2710 77)
231 2660 329 2700 Kantzow
343 2674 386 2716 pag,
398 2673 430 2714 95.

186 2736 217 2781 78)
234 2736 284 2773 Sunt
300 2736 342 2775 scre
358 2737 418 2774 verba
432 2733 539 2773 Kautzovii
554 2745 598 2785 pag.
613 2745 645 2783 91,
