1641 3011
337 163 368 209 77

30 292 128 350 circiter
141 287 258 350 triginta,
276 284 481 351 eumbaptizalle
492 286 629 336 memoriae
641 293 691 335 tra-

31 378 113 441 ditum
131 372 175 421 est.
216 374 263 423 Sed
284 369 406 441 Pyrilsam
428 372 691 441 appropinquantium

29 465 88 513 laeti
106 458 272 510 barbarorum
292 462 413 508 clamores
434 475 506 507 aures
527 462 690 526 pepulerunt.

29 554 96 601 Nam
109 544 230 611 solemnia
242 546 321 603 forte,
345 542 377 592 ad
393 560 456 609 quae
474 561 565 599 ornnes,
576 547 693 613 undique

31 631 164 697 accelerate)
178 632 364 690 confluxerant,
381 629 446 680 idoli
458 632 565 681 alicuius
577 633 643 682 sacra
653 650 693 682 ee,

31 719 200 771 lebrabantur.
239 725 308 788 Quae
325 733 364 768 res
380 728 450 768 tanto
467 714 564 768 nostros
579 718 694 785 perculsit

30 808 135 865 timore,
159 816 188 855 ut
205 822 287 871 neque
305 805 422 872 ignibus,
446 821 530 871 neque
545 805 643 854 mutuis
654 806 695 854 in-

30 891 108 942 tersa
124 893 259 958 colloquiis
272 891 322 951 ufi,
345 891 457 951 silentio,
474 891 559 942 somni
572 901 694 958 expertae,

31 981 59 1028 in
74 996 125 1043 quo
144 979 306 1046 constiterant
322 981 392 1036 loeo,
414 989 482 1027 extra
501 977 641 1046 oppidum,
656 994 696 1027 re-

30 1058 151 1116 deuntem
163 1067 341 1132 opperirentur
351 1062 474 1127 solemia).
493 1068 550 1132 Quo
559 1062 695 1115 faetoPau-

30 1153 133 1208 licium,
147 1169 209 1203 „eum
222 1154 320 1213 aliquot
329 1151 401 1199 ducis
413 1150 570 1208 consiliariis,
587 1151 697 1199 nuncios

32 1238 98 1287 Otho
112 1236 248 1301 oppidanis
265 1235 344 1294 milit,
367 1237 424 1300 qui,
441 1236 566 1302 principis
583 1236 697 1292 nomine,

31 1323 189 1388 primoribus
202 1323 325 1381 civitatis,
342 1332 372 1369 ut
383 1333 528 1370 reverenter
541 1321 620 1369 semet
630 1321 697 1368 ‘enei'

31 1418 134 1473 perent,
163 1407 349 1472 persuaderent.
388 1410 478 1457 Virum
496 1405 542 1456 elle
558 1405 697 1455 honorabi-

31 1494 95 1551 lem,
120 1490 275 1541 confirmasse
298 1493 419 1542 dicuntur
436 1490 480 1555 54),
503 1493 580 1556 domi
590 1492 697 1541 divitem

32 1589 57 1627 et
69 1596 138 1627 nunc
150 1595 251 1643 quoque
267 1579 295 1625 in
307 1580 388 1627 aliena
399 1589 465 1627 terra
476 1578 529 1626 suis
540 1578 632 1642 opibus
645 1575 698 1627 lufe

34 1662 169 1717 finientem.
208 1664 285 1712 Nihil
302 1664 379 1712 illurn
391 1675 490 1730 petere,
507 1663 610 1712 nullius-
618 1678 699 1727 egere,

33 1765 80 1814 pro
91 1750 195 1796 illorum
208 1748 286 1796 salute
298 1760 398 1798 tantum
411 1748 545 1807 advenisse,
559 1756 612 1798 riou
624 1765 700 1812 quae*

35 1834 85 1883 stus
103 1835 187 1899 gratia.
221 1837 349 1882 Memores
370 1833 417 1882 suat
434 1831 496 1882 fidei
514 1851 541 1882 ao
558 1832 700 1898 sponsionis

35 1919 106 1975 suae,
123 1935 248 1966 memores
265 1917 367 1971 divinae
378 1919 483 1968 ultionis
497 1929 521 1967 et
538 1919 645 1966 recentis
657 1935 701 1966 er·¹

35 2002 150 2052 terminii
161 2000 204 2063 6⁵),
222 2019 254 2051 ne
272 2001 356 2052 denuo
375 2004 439 2052 iram
450 2005 500 2053 Dei
519 2003 698 2070 exasperarent.

89 2218 122 2268 62)
142 2217 173 2257 Ad
187 2227 273 2270 quatuor
287 2218 358 2258 millia.
373 2221 439 2259 Anon.
456 2220 522 2261 Cauil.
536 2222 564 2271 ll,
578 2223 596 2262 6.
610 2235 654 2275 pag.
668 2233 700 2273 59.

91 2291 123 2342 65)
137 2293 240 2345 Anonym.
258 2292 324 2332 Ganil.
337 2292 364 2342 Il,
375 2293 393 2333 6.
409 2307 428 2347 p.
441 2303 472 2347 59.
492 2295 555 2335 Andr.
569 2295 702 2348 Ganrapud

39 2365 84 2405 Sur.
94 2365 121 2415 II,
134 2376 163 2417 15.
177 2380 195 2419 p.
206 2379 239 2419 49.
251 2415 253 2428 ζ
704 2359 705 2363 “

91 2451 123 2501 64)
139 2454 240 2504 Anonym.
256 2450 322 2490 Canis.
339 2450 365 2499 ΙΙ,
380 2451 398 2489 6.
413 2465 433 2503 p.
447 2461 478 2504 59Δ
498 2455 560 2495 Andr.
573 2455 636 2496 Gretl.
651 2456 704 2510 apud

41 2519 84 2561 Sur.
94 2523 121 2571 Il,
134 2541 164 2577 15.
178 2541 197 2579 p.
207 2541 238 2578 49.

92 2606 127 2657 55)
141 2610 228 2658 „Fertur
252 2610 322 2652 decem
341 2618 424 2655 etocto
446 2611 538 2655 millibus
559 2616 649 2663 virorum
668 2630 706 2670 pu-¹

41 2688 150 2736 gnatorum
165 2684 196 2736 [in
209 2687 289 2737 ultimo,
305 2699 344 2740 quo
355 2685 463 2726 Pomerani
473 2686 630 2738 debellarentur,
644 2703 706 2744 proe-

38 2755 77 2810 lio]
90 2755 216 2809 interfectis,
236 2768 281 2799 octo
295 2759 371 2809 millia,
394 2772 444 2816 euml
455 2760 550 2802 uxoribus
569 2770 590 2803 et
608 2765 705 2819 paruulis,
