1641 3011
409 121 438 171 86

72 302 74 306 y
155 247 185 296 ln
195 249 285 296 ultima
297 228 393 306 autem,
412 263 495 311 quarn,
513 248 558 297 lab
570 252 654 318 ipsum
665 248 757 296 disces-

94 330 163 392 sum,
187 332 219 382 ad
234 330 385 400 Pyrillenles
400 330 514 382 habuille
531 332 614 387 fertur
631 336 760 392 concione,

96 435 155 467 cum
166 420 222 478 alia,
239 430 296 469 tum
306 421 367 469 haec
379 436 439 485 prae
452 421 553 469 caeteris
564 426 663 489 egregia
673 437 760 471 occur-

97 515 159 554 runt
173 507 212 569 75).
248 510 325 567 „Siue
344 506 445 557 tristitia
463 519 487 557 et
504 506 761 574 indignationelerre

97 606 151 639 non
165 590 280 658 pallum,
302 611 349 642 nee
369 605 472 661 potero,
496 593 526 654 fi,
550 593 620 660 quod
636 594 709 653 ablu,
733 592 764 641 ad

97 678 223 728 iniuriam
234 682 342 731 Domini
351 682 403 730 mei
419 681 488 740 lesu,
510 682 552 731 cui
567 697 612 748 per
630 678 708 728 fidem
717 697 764 729 vos

68 764 70 767 ’
100 762 240 832 despondi,
263 785 322 817 cum
332 768 390 817 Diis
407 766 496 817 alienis
514 785 559 818 vos
578 767 663 817 denuo
680 776 765 815 conta-

99 853 197 900 minare
210 854 350 902 volueritis.
384 855 440 900 Hoc
451 855 522 901 enim
540 855 575 903 est
589 852 765 904 fornicationis

98 952 193 1002 genus,
216 937 285 1002 quod
299 938 409 987 maxime
426 937 522 1005 separat
539 943 631 990 aDeo.
669 943 767 990 Fratres

100 1022 240 1073 intendite:
267 1042 337 1081 ecce,
366 1042 455 1074 omnes
476 1027 506 1074 in
525 1026 625 1076 Christo
646 1025 769 1090 baptizati

102 1109 159 1158 eltis
171 1121 195 1159 et
206 1128 294 1161 omnes
305 1110 434 1161 Christum
444 1112 570 1162 induistis.
596 1110 769 1177 originalium

103 1207 128 1243 et
144 1199 282 1246 actualium
293 1208 455 1263 peccatorum
471 1197 657 1263 indulgentiam
673 1196 769 1261 accepi-

101 1280 144 1330 stis
160 1282 191 1330 ab
207 1282 269 1348 ipso.
309 1282 405 1331 Mundi
426 1282 481 1332 estis
500 1295 525 1332 et
541 1284 633 1341 ferreti,
649 1299 703 1331 non
723 1297 770 1347 per

103 1382 164 1436 nos,
182 1366 225 1416 led
237 1384 283 1433 per
298 1383 357 1415 eum
375 1368 492 1416 mundati
507 1363 531 1416 et
547 1366 707 1423 sanctificati,
725 1367 771 1430 qui

103 1452 195 1518 ipsein
206 1437 329 1519 sanguine
340 1452 385 1503 luo
398 1455 461 1503 lavit
471 1464 572 1520 peccata
583 1451 681 1502 mundi.
715 1452 770 1501 No-

103 1538 149 1587 lite
161 1556 207 1589 vos
218 1539 369 1606 prostituere
386 1541 579 1606 corruptoribus
592 1550 616 1588 et
627 1535 770 1588 immundis

105 1623 245 1689 spiritibus.
290 1624 343 1673 Soli
361 1628 430 1683 Deo,
457 1628 564 1674 creatori
585 1625 680 1682 vestm,
705 1623 773 1672 nulli

104 1720 191 1758 ¹autem
214 1719 340 1758 creaturae
365 1709 485 1758 divinum
503 1710 619 1760 exhibete
637 1710 771 1764 honorem,

105 1813 138 1846 ue
155 1795 298 1863 indignatio
316 1795 370 1842 eius
388 1805 413 1843 et
431 1793 504 1846 furor
523 1797 608 1846 veniat
625 1795 700 1859 [uper
717 1809 772 1849 vos,

105 1883 152 1933 led
158 1883 238 1948 magis
249 1884 278 1931 in
289 1878 338 1929 fide
355 1891 379 1929 et
391 1880 433 1947 spe
445 1892 469 1931 et
484 1884 584 1931 caritate
597 1878 727 1948 proficite,
744 1888 774 1926 ut

106 1970 252 2024 benedictio
270 1969 326 2016 eius
335 1967 422 2015 veniat
437 1967 512 2034 luper
523 1985 569 2017 vos
583 1979 607 2016 et
618 1966 694 2032 super
705 1963 774 2013 filios

108 2054 203 2105 vestros
217 2065 241 2103 et
254 2055 279 2103 ei
290 2051 421 2102 credentes
437 2039 461 2101 et
477 2051 555 2102 fidem
571 2053 692 2118 operibus
703 2067 775 2100 exor-

109 2152 219 2197 nantes,
252 2141 332 2187 vitam
357 2138 470 2187 habeatis
501 2139 529 2186 in
559 2140 664 2186 nomine
688 2137 775 2203 ipsius,

110 2229 156 2294 qui
172 2225 203 2276 de
221 2225 333 2274 tenebris
349 2224 449 2273 vocavit
463 2240 508 2273 vos
527 2225 555 2272 in
569 2223 718 2274 admirabile
736 2223 776 2270 lu·

109 2329 170 2362 men
185 2312 267 2360 suum.
303 2310 371 2358 Certi
387 2311 456 2359 enim
472 2307 519 2359 elle
534 2320 558 2358 et
569 2312 715 2360 nullatenus
730 2305 781 2355 du-'

109 2399 190 2448 bitare
209 2397 319 2453 debetis,
346 2396 417 2458 quia,
444 2394 462 2444 fi
484 2397 562 2455 hane,
585 2399 614 2445 in
635 2411 683 2458 qua
699 2390 776 2442 hodie

109 2483 185 2550 positi
208 2482 277 2539 eltis,
306 2482 478 2532 innocentiam
496 2494 521 2531 et
543 2478 775 2536 sanctificationem,

110 2607 261 2618 ...n—..uu-

164 2692 196 2739 75)
212 2690 273 2728 Andr.
289 2688 353 2728 Gretl.
370 2701 400 2740 ap.
416 2686 459 2726 Sur.
474 2688 500 2736 ll,
518 2699 547 2739 17.
562 2700 605 2741 pag.
620 2697 652 2738 50.
675 2688 777 2736 anonym.

115 2760 184 2802 Canii.
199 2763 225 2807 ll,
241 2771 259 2807 8.
276 2778 295 2816 p.
310 2764 341 2802 61,
