1641 3011
422 94 453 148 de

112 222 209 280 dandus
230 223 262 270 est
285 223 374 298 Otho,-
398 223 460 288 qui,
473 235 636 288 quamquam
656 210 773 284 ordinem

111 314 188 375 illum
204 307 266 358 adeo
285 306 402 367 fovebat,
428 319 469 368 ut,
494 308 546 357 iam
561 313 705 381 episcopus,
729 313 774 362 111,

113 397 215 465 quando
236 396 346 462 graviter
367 394 533 468 decumbens,
561 396 615 462 ipse
637 402 666 451 in
687 415 774 448 mona,

32 477 39 481 ..
113 488 211 538 ahicam
240 483 413 534 obedientiam
445 495 469 532 et
494 483 626 547 religionis
657 488 774 536 habitum

95 572 207 639 ‘suscipi
224 570 324 638 gestiret
335 571 380 634 45),
398 581 496 629 tamen,
513 570 586 618 cuius
603 570 703 623 litterae
721 575 774 627 eius

111 660 184 717 testes
202 658 275 716 lunt,
292 660 321 706 in
337 667 405 706 tanta
417 657 602 705 monachorum
620 659 774 717 colluvione,

113 765 146 798 ne
169 745 249 809 magis
276 743 467 807 degenerarent,
499 742 543 790 lua
565 753 589 791 et
610 740 738 807 sapientia
753 753 776 792 et

114 833 245 883 severitate
254 829 388 894 prospexit.
422 828 569 887 Caeterum,
586 827 635 877 hoc
646 827 702 894 ipso
714 840 777 888 tem÷

112 936 182 987 pore,
196 932 276 981 quum
284 913 352 964 Otho
358 916 458 963 XXVIII
468 930 548 963 aranos
559 926 633 964 natus
646 913 712 975 ellet,
725 919 777 982 pri-

110 1021 184 1056 mum
201 1018 318 1066 quoque,
341 1000 412 1066 quod
425 999 520 1050 sacram
530 1001 622 1051 urbem
633 1013 658 1052 et
669 1001 778 1053 servato-

112 1095 148 1144 ris
169 1088 334 1156 sepulchrum
357 1087 635 1139 Muhammedanorum
660 1088 778 1146 barbarie

113 1182 240 1235 liberaret,
259 1191 347 1239 agmen
362 1175 514 1227 instructum
526 1175 565 1224 est.
596 1166 675 1224 Porro
684 1158 778 1232 iisdem

113 1265 167 1313 fere
187 1262 275 1317 annis,
298 1260 393 1323 quibus
408 1263 570 1308 Pomeraniae
588 1261 668 1320 Otho,
685 1263 778 1316 Vicelia

112 1365 161 1406 nus
173 1346 262 1401 Slavis,
279 1343 408 1396 Lubecam
420 1346 601 1404 accolentibus,
618 1349 779 1411 evangelium

113 1434 202 1486 attulit.
235 1434 361 1494 Uterque,
383 1446 429 1495 per
443 1431 550 1495 longum
561 1431 700 1481 admodum
715 1443 778 1482 tem·

114 1536 175 1588 pus,
202 1518 310 1565 ultimus
331 1512 384 1568 fere
405 1515 668 1580 apostolicofnomine
685 1517 778 1583 diguus

116 1603 249 1673 apostolus.
291 1602 360 1652 Nam
381 1599 436 1664 post
457 1601 530 1664 plura
550 1601 654 1651 demum
673 1603 778 1664 saecula,

115 1707 193 1756 quae,
210 1689 239 1736 in
249 1684 411 1740 universum,
428 1682 482 1733 lere
496 1686 614 1751 apostolis
627 1686 730 1742 caruille
739 1692 779 1738 vi-

114 1766 220 1832 dentur,
242 1770 379 1820 reformata
393 1786 439 1835 per
454 1771 598 1821 Lutlrerutn
614 1773 726 1830 ecclelia,
749 1776 778 1823 111

113 1861 205 1927 Anglia
221 1869 295 1924 atque
313 1856 446 1906 Germania
466 1859 530 1906 novi
544 1858 625 1907 exorti
640 1857 699 1907 sunt
716 1860 777 1909 tales

112 1950 164 1999 Dei
172 1946 255 2013 legati.
288 1944 354 1993 Vivo
366 1953 451 1991 autem
462 1943 574 2001 Othone,
593 1943 655 1993 dum
665 1946 693 1995 in
703 1948 779 1995 meri-

116 2033 213 2085 dionali
233 2035 348 2096 Europae
367 2040 438 2095 parte
456 2046 602 2088 1101111011,
626 2031 693 2079 inter
711 2030 779 2098 ipsos

115 2119 269 2175 Christianos
281 2126 380 2171 coorta,
406 2116 434 2162 in
444 2124 521 2166 terras
537 2113 662 2172 irruebat,
680 2115 779 2183 septen·

113 2203 235 2262 trionales
247 2201 360 2251 eiusdem
374 2210 465 2265 partes,
482 2198 571 2257 vastae,
586 2217 648 2265 prae
666 2205 778 2261 caeteris,

115 2292 218 2343 sueciae
239 2289 367 2353 regiones,
395 2286 498 2351 paganis
517 2284 646 2335 erroribus
663 2287 778 2352 expulfis,

113 2374 255 2430 etenebris
274 2373 306 2424 ad
326 2372 375 2423 Dei
392 2371 542 2423 admirabile
566 2370 655 2422 lumen
676 2385 779 2424 vocatae

69 2523 72 2527 A
112 2464 178 2514 [unt.
211 2462 330 2525 Denique
341 2460 410 2526 quod
422 2459 453 2509 ad
463 2461 558 2508 litteras
569 2458 671 2518 attinet,
689 2461 779 2510 eodem

112 2578 264 2590 -..-—--—-

163 2648 197 2696 45)
212 2645 304 2686 Andreas
314 2642 405 2683 Gretleri
421 2641 474 2693 apud
490 2639 574 2680 surium
585 2641 601 2691 I,
612 2654 644 2701 59.
661 2655 680 2695 p,
691 2655 717 2695 45
728 2651 778 2688 extr.

110 2718 229 2767 Anonymur
245 2719 298 2771 apud
308 2716 414 2756 Canisium
426 2714 443 2764 I,
455 2728 485 2768 19.
500 2705 519 2768 p.
531 2724 562 2768 55.
573 2739 598 2748 —
611 2715 705 2777 Bugenh.
718 2725 749 2764 81,
