1641 3011
408 105 438 152 36

97 239 171 287 sicuti
192 236 291 283 animus
313 233 442 298 quondam
466 248 553 293 recens
576 247 677 294 natum,
706 249 765 286 cum

98 326 145 373 illo
157 325 184 372 in
196 332 327 369 aeternum
337 321 456 369 manebit.
492 321 578 384 Quod,
597 340 676 388 quum
687 331 764 370 aeter-

99 413 128 459 ni
145 408 250 458 lionoris
268 395 395 472 particeps
413 404 453 460 fit,
484 416 577 468 quanta
594 408 690 458 idcirco
708 404 767 457 cura

95 496 188 545 ,fovere
200 492 346 551 debeamus,
358 493 520 557 inpromptu
532 490 571 554 est,
602 498 671 562 Quae
683 506 767 545 tamen

101 582 199 629 summa
214 597 273 628 eura
286 577 406 643 lingulati
418 575 529 639 quodam
542 578 621 628 modo
632 582 661 629 in
672 581 767 647 aposto-

102 669 158 716 lum
172 665 246 724 cadit,
263 675 357 711 utnon
370 659 453 710 solum
464 662 527 711 iuste
541 664 606 712 colat
617 664 768 732 decoretque

104 765 208 803 externo
226 752 307 807 cultu,
326 759 395 797 tanto
414 749 513 797 incolae
532 750 628 816 talique
644 750 698 818 spei
710 770 769 801 con·

104 857 181 907 grue,
199 836 241 887 sed
258 835 357 885 summo
375 851 477 900 quoque
490 835 573 885 studio
588 848 613 886 et
626 840 698 887 omni
711 856 770 888 con·

104 926 226 974 tinentiae
237 939 328 989 genere
339 921 470 972 conservet
481 921 590 988 dignum
600 923 704 990 spiritus
717 924 771 974 lan-

105 1014 140 1080 eti
155 1010 318 1059 domicilium
331 1019 361 1056 et
376 1011 477 1073 magni,
495 1009 565 1072 quod
575 1012 647 1058 Deus
664 1010 772 1058 salvator

106 1097 165 1145 luus
177 1096 202 1143 ei
213 1092 348 1160 imposuit,
368 1092 510 1143 sanctiffimi
517 1095 606 1161 operis
617 1094 772 1145 instrumen-

106 1185 169 1230 tuin.
210 1179 287 1247 Quod
308 1181 340 1228 iis
365 1181 502 1246 praecipue
526 1180 623 1230 dictum
641 1182 771 1239 volumus,

62 1265 65 1268 ’
108 1269 153 1333 qui
170 1269 198 1314 in
214 1267 304 1313 exteris
317 1267 404 1325 terris,
421 1267 529 1316 minime
541 1268 694 1333 plerumque
708 1266 773 1316 lalu-

106 1352 211 1409 bribuS,
228 1360 266 1399 tot
283 1351 407 1399 cumulati
425 1352 571 1410 laboribus,
595 1353 706 1401 sanctius
722 1353 774 1401 iarn

92 1438 210 1505 ¹corpori
231 1436 406 1502 prospiciendi
426 1436 473 1486 fibi
496 1438 645 1486 iniunctum
665 1438 775 1487 habeant

107 1522 227 1573 officium.
262 1520 310 1570 Sed
326 1523 355 1569 in
373 1522 420 1569 liae
433 1539 535 1586 quoque
548 1540 607 1572 cura
621 1522 773 1580 videndum,

106 1620 136 1657 nt
156 1607 326 1671 omnipotenti
343 1617 367 1654 et
384 1606 528 1654 latratorum
548 1610 662 1672 corporis
674 1608 775 1655 medico

107 1693 206 1745 Christo
226 1692 274 1739 toti
295 1688 467 1749 confidamus,
491 1708 574 1756 neque
593 1709 606 1739 a
625 1691 700 1742 nobis
716 1692 774 1757 plus

105 1780 171 1829 iusto
184 1788 350 1843 expectemus.
385 1780 452 1824 Haec
463 1777 594 1826 hactenus.

169 1867 302 1915 Caeterum
336 1880 400 1928 quae
426 1862 560 1928 hucusque
589 1856 775 1929 qualiacunque

107 1951 305 2017 disputavimus,
323 1950 383 1997 licet
397 1949 523 2013 peculiari
536 1947 614 1997 modo
630 1949 659 1997 in
677 1948 775 2013 aposto-

106 2028 145 2084 los
168 2034 268 2094 cadant,
292 2033 396 2100 proprie
420 2033 564 2090 badinton,
587 2050 666 2098 aeque
682 2044 775 2091 tamen,

107 2137 161 2170 non
174 2119 256 2168 solum
272 2119 303 2167 ad
315 2121 432 2185 quemvis
444 2120 518 2167 verbi
530 2119 615 2167 divini
629 2119 777 2169 ministrum

108 2204 151 2255 led
170 2203 202 2254 ad
220 2220 307 2254 omnes
324 2194 411 2272 potius
426 2215 451 2253 et
461 2203 571 2271 singulos
586 2221 645 2254 vere
657 2188 777 2256 Christia-

107 2309 154 2341 nos
172 2290 313 2358 pertinere‚
331 2307 407 2340 nemo
423 2292 485 2350 erit,
504 2292 548 2356 qui
568 2301 647 2356 neget.
683 2293 776 2337 Omnes

108 2395 170 2437 nos,
188 2376 310 2443 languine
328 2376 374 2427 suo
390 2395 403 2426 a
418 2379 527 2444 peccatis
547 2377 691 2433 immunes,
708 2372 776 2424 lum·

108 2481 165 2513 mus
177 2464 222 2513 ille
238 2461 355 2528 pontifex
367 2481 437 2530 reges
450 2474 474 2513 et
486 2462 626 2513 sacerdotes
640 2463 698 2510 Deo
709 2459 785 2526 dica-¹

109 2552 152 2618 rit
163 2550 230 2615 patri
245 2547 349 2612 suad),
359 2561 388 2600 ut
403 2550 503 2600 lummo
522 2547 606 2600 nostro
624 2548 681 2598 iure
696 2546 777 2596 lacer-

110 2671 261 2683 -—......-.....

162 2743 196 2792 23)
207 2741 269 2793 Apoe.
280 2756 296 2793 1,
307 2745 325 2783 6.
