1641 3011
424 109 454 160 bl

110 253 178 296 ctus,
196 254 273 286 onere
283 237 329 285 luo
341 237 373 286 ad
384 234 515 303 pontificis
530 241 605 305 pedes
619 239 725 299 abiecto,
745 235 775 288 ab

110 325 165 394 iplo
177 325 262 374 denuo
269 321 327 373 ellet
334 326 507 391 inauguratus,
520 327 776 392 acquiescerepotuit⁴

111 418 142 463 Et
152 414 203 460 iam
213 413 241 459 in
253 410 308 476 ipsa
318 429 396 476 papae
407 410 531 476 postrema
542 411 699 468 salutatione,
717 429 778 461 vera
789 460 791 465 ,

112 509 178 548 certe
194 496 275 545 animi
289 497 433 546 humilitate
451 495 590 557 adductus,
616 517 648 549 ne
665 493 779 548 sacerdo-

111 587 179 635 tium
196 582 243 634 stbi
263 584 451 649 imponeretur,
479 581 626 649 deprecatus
642 581 723 635 fertur
742 584 778 648 ¹7).

112 672 304 731 Nihilominus,
326 669 354 716 in
366 666 425 732 ipsis
439 668 593 733 pentecostes
608 668 676 719 festis
688 670 779 720 <liebus

112 759 184 816 1111111,
195 756 343 812 arridetur,
352 757 440 802 etnam
449 754 487 816 ¹8),
499 755 598 806 XXXIV
606 758 691 805 aetatis
704 772 779 815 anno,

113 846 242 909 Anagniae
251 844 280 904 19)
292 841 439 907 episcopum
450 841 624 891 consecratum
636 843 779 909 perhibent.

71 995 73 999 y
175 934 259 980 Locus
270 929 313 977 lric
330 926 465 976 admonere
480 928 597 987 videtur,
625 939 655 978 ut
670 928 701 977 de
712 926 782 976 lum-

113 1033 154 1065 ma
174 1015 285 1064 Othonis
304 1016 332 1062 in
352 1017 497 1064 Romanum
520 1012 671 1080 pontificem
698 1010 783 1062 obser·

114 1102 213 1161 nantia,
227 1118 292 1166 «qna
306 1099 405 1166 saepius
422 1096 446 1150 le
464 1101 518 1166 regi
533 1098 615 1167 pallus
634 1096 682 1159 est,
707 1113 784 1165 quam

115 1188 251 1238 nonnullis
278 1184 316 1235 las
337 1185 421 1234 nilum
437 1187 487 1250 ²⁰),
514 1188 601 1253 paucis
627 1183 782 1236 differamus-

114 1275 194 1333 Licet‚
206 1274 248 1320 liis
261 1272 320 1338 ipsis
331 1274 359 1320 in
369 1290 461 1338 papam
468 1273 557 1323 studiis
565 1284 785 1332 commotus,mox

116 1368 202 1424 contra
216 1355 407 1406 infortunatum
421 1359 576 1417 Henricum,
599 1361 650 1407 ianr
664 1375 743 1425 regno
754 1358 785 1406 ab

114 1445 169 1513 iplo
182 1443 236 1493 filio
250 1453 369 1501 exutum,
386 1460 400 1490 a
412 1441 558 1507 degenerati
573 1441 623 1492 filii
634 1451 659 1492 et
669 1441 784 1493 trucium

115 1535 293 1582 Romanorum
306 1526 435 1591 partibus,
452 1536 504 1575 tam
515 1524 590 1576 fortis
601 1528 696 1577 steterit
707 1543 784 1595 papa·

41 1602 44 1622 ¹
115 1618 148 1666 lis
164 1612 308 1680 tyrannidis
320 1623 506 1677 propugnator,
528 1623 569 1671 ut,
592 1613 724 1680 ficopiam
740 1612 784 1664 lra-

115 1698 220 1758 baillet,
243 1700 286 1748 vel
298 1697 429 1756 eiusdem,
453 1698 499 1762 qui
512 1697 656 1747 innumeris
671 1716 729 1753 eum
739 1698 786 1749 bo-

115 1789 156 1835 nis
166 1785 314 1841 cumularat,
326 1781 414 1830 miseri
424 1784 586 1848 imperatoris·
597 1784 696 1834 lacrum
709 1797 785 1853 eaput

115 1871 168 1940 iple
179 1890 193 1921 a
202 1871 288 1938 papali
297 1870 456 1918 execratione
467 1884 520 1919 non
527 1868 678 1920 defensurus
686 1870 783 1924 fuiffet:

115 1970 207 2017 tamen,
223 1956 406 2022 licet'impirrm
416 1954 543 2015 videatur,
554 1966 694 2023 temperare
707 1955 783 2009 nobis

116 2157 229 2211 apostolum
243 2157 265 2195 in
275 2156 352 2196 Norico
366 2154 435 2193 fecille
449 2153 568 2207 nuperrime
582 2154 674 2196 narravit
684 2154 786 2210 neander,

115 2230 443 2281 Denlrwu'rd.Vol.5.sserl.1824.
457 2240 503 2281 pag·
517 2241 549 2278 51.
596 2232 627 2279 17)
642 2230 736 2283 Bugenb.
753 2241 785 2280 31.

169 2311 201 2354 18)
217 2305 249 2345 cf.
260 2305 322 2344 index
332 2315 398 2356 marg.
410 2303 434 2341 ad
448 2302 510 2341 Andr.
521 2301 585 2341 Gretl.
597 2316 627 2355 ap.
639 2303 683 2342 Sur.
695 2304 711 2352 Ι,
724 2315 755 2345 lo.
764 2320 784 2358 p.

115 2387 147 2431 35.
166 2378 264 2418 Proximo
279 2377 303 2418 ab
312 2377 358 2422 ¹hoc
369 2390 424 2417 anno
440 2376 531 2427 (crocu)
544 2376 676 2427 imperatore
687 2392 738 2431 papa
751 2393 785 2419 ex·

116 2453 280 2493 communicatus
300 2460 343 2491 erat
363 2453 394 2504 (!)
415 2459 435 2490 et
455 2449 571 2502 insequenti
591 2450 675 2501 (alacre)
695 2452 784 2503 imperio

51 2552 52 2559 1
114 2527 134 2569 te
144 2525 253 2567 abdicavit.
285 2525 347 2565 Diem
363 2526 414 2569 obiit
430 2537 447 2565 a.
462 2524 538 2564 claovr.
553 2523 613 2564 Unde
628 2524 749 2567 Melllerum
763 2542 783 2581 p.

114 2615 158 2654 217.
170 2601 220 2641 fallo
237 2613 314 2647 annum
325 2600 401 2648 crocu,
415 2612 468 2646 emm
484 2611 523 2651 quo
534 2599 640 2653 episcopus
653 2600 783 2642 consecratus

113 2674 139 2722 lit
154 2675 220 2724 Otho,
236 2675 307 2723 sistere,
322 2673 433 2728 apparebit.

167 2752 199 2801 19)
214 2750 275 2789 Andr.
291 2748 356 2789 Gretl.
372 2762 404 2802 ap.
420 2748 465 2789 Sur.
479 2747 518 2789 loc.
533 2748 587 2790 laud.

127 2879 130 2883 γ
164 2826 198 2875 aa)
212 2822 259 2875 lig.
270 2821 358 2872 Graml,
368 2820 486 2874 &elipsim
498 2821 692 2878 Othonirepistolal.
700 2822 712 2863 l.
724 2836 742 2877 p.
748 2826 776 2876 56
