1641 3011
435 110 471 157 76·

126 237 207 292 ieeto,
224 238 413 296 Pomeraniam,
431 247 576 302 exoptatum
591 241 706 290 laborum
721 255 790 287 ¹cama

126 338 198 387 pum,
210 319 332 387 ingressus
344 320 531 382 fertur-,Sed
543 310 595 375 iam
606 307 728 393 pridieiu
741 323 789 372 du·

128 411 163 457 cis
177 407 274 466 eastris,
293 405 431 459 nonnullds
446 410 596 475 eprineipis
615 414 734 462 comitatu
745 410 789 459 ba·

127 493 261 561 ptiaando,
289 495 467 556 Pomeranicae
489 495 570 561 gentis
590 498 714 561 primitias
737 512 789 544 ore-

128 582 246 631 dentium
267 593 377 631 catervae
395 580 549 632 addiderant.
588 583 640 631 Ubi
657 586 722 633 Otho
743 583 789 632 du·

128 676 184 718 cem
198 679 223 716 et
236 670 292 717 aliis
307 668 458 718 muneribus
476 678 501 717 11
516 667 628 716 eburneo
640 668 732 719 baculo
745 669 789 719 do-

128 754 223 806 novilla
233 766 354 814 narratur.
389 759 445 822 Quo
456 756 532 804 illum
543 754 578 803 ita
590 753 741 805 delectatum
756 754 793 805 see

129 852 204 900 runt,
226 851 255 888 ut
271 857 417 904 nunquam,
443 856 576 905 quousque
594 841 655 899 iret,
673 840 807 909 deposues

129 931 169 977 rit.
205 927 324 993 Qualem,
347 926 503 985 clamitabat,
523 921 621 992 patrem
636 927 711 975 nobis
726 926 797 975 dedit

128 1015 200 1064 Deus
212 1021 236 1060 et
251 1011 336 1077 qualia
350 1012 431 1079 patris¹
445 1011 522 1063 dona!
540 1014 650 1071 Similia,
668 1022 698 1061 ut
709 1011 795 1061 1111111-

128 1101 168 1149 los
180 1108 206 1147 et
216 1097 274 1147 suae
285 1115 324 1147 rer
315 1100 453 1148 conciliat
456 1109 517 1158 et
505 1101 613 1165 elargis,
632 1115 695 1164 quos
709 1098 795 1147 secum

131 1185 218 1243 duxit,
233 1183 370 1244 thesauris
388 1186 452 1233 etin
465 1195 516 1233 caet
518 1201 573 1235 eros
590 1186 705 1234 eontulit
738 1187 798 1235 Me

130 1273 180 1319 lius
201 1279 298 1327 autem,
327 1286 404 1333 quam
415 1272 531 1319 externis
549 1270 618 1319 hisl
620 1271 745 1321 enoeiniis
761 1281 797 1328 et,

129 1357 190 1406 licet
204 1352 330 1403 ferventia
346 1352 423 1403 ellent
440 1365 464 1402 et
478 1356 591 1403 multum
603 1355 634 1404 ad
644 1346 796 1421 1111111εᾶ111-

131 1441 194 1492 dum
216 1442 341 1499 valerent,
368 1438 459 1489 sanetis
483 1440 633 1504 colloquiis,
659 1431 797 1506 tranquilla

130 1526 246 1598 profecto
271 1526 312 1575 sui
337 1526 416 1591 ipsius
441 1526 549 1590 exempli
571 1527 598 1574 ui
619 1526 800 1592 promovendo-

133 1613 266 1677 evangelio'
274 1611 411 1677 prospexit.
437 1614 528 1675 Neque
540 1612 610 1659 enim
620 1611 743 1661 credibile
754 1612 796 1670 est,

131 1703 298 1756 Pomeranos,
316 1698 362 1760 qui
372 1706 453 1755 tanta,
471 1713 547 1760 quam
562 1697 618 1743 aliis
634 1698 796 1761 largiebatur,

133 1787 206 1850 eopia
228 1782 393 1843 instructum,
423 1780 509 1846 ipsum
526 1780 757 1831 abstinentissimum
774 1793 798 1831 et

131 1868 246 1922 vilissima
273 1867 421 1917 conditione
449 1877 598 1915 contentum
619 1865 704 1915 senem
727 1867 797 1916 vide-

130 1959 207 2014 bant,
223 1955 272 2003 hoe
287 1963 357 2002 tanto
374 1953 516 2020 spectaculo
533 1954 608 2018 plane
620 1970 673 2002 non
686 1966 798 2002 commo*

131 2056 171 2093 tos
182 2038 263 2092 fuisse.
298 2041 386 2097 Certe,
404 2039 491 2103 liquis
505 2040 583 2096 alius,
601 2040 683 2097 Otho,
701 2038 798 2105 aposto-

126 2128 189 2181 lum
205 2126 320 2175 moribus
339 2126 412 2192 plus,
436 2140 512 2190 quam
529 2122 690 2175 sermonibus
705 2126 798 2184 valere,

132 2215 252 2267 declarat,

88 2293 91 2302 ¹
196 2303 265 2348 Tum
286 2296 318 2345 ad
339 2288 465 2367 Pyriffirm
480 2293 511 2358 5¹>
533 2292 659 2360 oppidum
679 2295 797 2360 perrexit,

132 2404 179 2455 por
202 2384 282 2435 vastas
304 2384 432 2447 regiones,
461 2382 493 2430 ob
515 2381 639 2429 bellicum
659 2381 800 2429 tumultum

130 2472 223 2525 incolis
238 2468 359 2527 desertas,
377 2469 426 2518 iter
442 2466 584 2517 instituens.
617 2465 799 2516 Nihilominus

132 2562 162 2614 in
183 2557 239 2629 ipso
262 2557 367 2616 itinere,
395 2553 479 2624 pallun
497 2560 670 2612 occurrentem
692 2568 801 2604 numero

134 2682 285 2693 *Qu—n·—

192 2751 224 2799 61)
237 2751 313 2803 Pyritz.
