1641 3011
366 168 396 221 85

52 316 141 370 adultis
162 301 298 370 puerisque
320 300 425 350 alterum
448 311 472 349 et
493 300 604 349 tertium.
645 301 715 365 Quae

51 401 153 472 quidem
175 386 291 440 reriffima
314 405 387 446 cura,
416 403 495 450 quum
510 389 539 435 in
558 384 712 453 baptisteriis

50 476 209 540 instituendis
231 486 330 525 tantum
351 483 482 537 receptum
502 489 601 523 morem
619 472 714 521 servas-

51 576 99 628 set,
121 564 223 632 proprie
238 573 324 612 tamen
343 559 461 624 apparuit
477 558 506 606 in
523 557 578 622 ipso
593 552 715 624 peragen-

8 715 11 718 ,
51 658 83 707 do
100 652 225 719 baptismo
235 650 290 712 72).,
314 644 362 696 Sed
378 644 409 693 de
425 644 466 693 his
484 643 594 708 longum
607 646 641 694 est
654 661 713 709 nar.

49 758 110 794 rere.
152 743 239 804 Itaque
262 737 384 784 lectorem
405 730 562 780 remittimus
583 729 614 778 ad
637 728 715 780 finem

48 829 129 886 uitae,
151 825 198 875 ubi
213 824 288 890 plura
305 837 334 869 ex
353 816 480 868 chronicis
498 815 715 878 aliataiunt.(10)

48 912 116 965 Illud
132 921 232 962 tantum
249 922 355 958 monere
368 906 453 962 iuvat,
475 901 560 968 ipsum
578 902 715 960 Othonem,

49 1000 111 1050 dum
121 1000 191 1048 viros
205 994 364 1057 feminasque
372 988 538 1057 baptizandos
551 987 625 1038 sociis
636 989 715 1038 relin-

50 1096 152 1152 queret,
173 1097 267 1149 pueros
284 1080 443 1140 iuvenesque
460 1074 600 1141 baptizade.
640 1075 716 1143 Quod

49 1189 122 1228 eum,
140 1166 274 1218 servatoris
288 1163 435 1229 exemplum
448 1160 575 1219 secutum,
592 1161 718 1227 peculiari

48 1254 192 1309 infantibus
215 1268 275 1300 eura
292 1245 465 1314 prospexiffe‚'
480 1246 593 1296 indicare
608 1245 715 1295 videtur.

51 1347 182 1411 Quantum
199 1337 274 1385 etiam
285 1336 332 1384 hae
345 1336 373 1384 in
386 1351 413 1383 re
426 1332 631 1384 erecentioribus
641 1333 715 1398 opti·
782 1352 784 1357 ’

48 1444 107 1477 mus
128 1427 169 1475 vir
192 1422 318 1486 exemplar
338 1415 471 1469 habendus
493 1418 539 1466 est!
570 1419 628 1467 Vix'
643 1419 714 1466 euim

49 1510 203 1579 sperandum
220 1507 266 1565 est,
292 1516 322 1555 ut
339 1522 353 1554 e
369 1505 473 1571 templis
493 1503 592 1568 aliquid
613 1501 714 1552 fructus

49 1596 190 1651 redundet,
220 1592 237 1640 fi
256 1591 355 1640 scholae
377 1592 464 1640 minus
483 1590 549 1639 bene
571 1600 716 1656 praeparata

49 1694 151 1752 pectora
165 1679 333 1736 exhibuerint

50 1794 201 1808 ..unu—-

104 1858 136 1907 72)
151 1855 196 1895 Itm
209 1847 315 1895 audiamus
329 1852 432 1892 ocularem
446 1852 526 1899 testem,
542 1853 649 1901 Sitridum,
668 1852 716 1892 Tie-

50 1931 109 1971 moni
123 1930 164 1977 suo,
179 1929 213 1967 eui
221 1928 288 1974 'modo
298 1925 431 1978 Pyriisensem
442 1925 568 1977 baptismum
578 1925 716 1979 descripserit,

51 2006 74 2043 in
88 2001 177 2041 Gretseri
190 2001 253 2040 Andr.
268 2013 297 2052 ep.
313 1999 357 2039 Sur.
372 1998 398 2048 H,
414 2010 444 2049 15.
463 2012 482 2053 p.
497 2008 530 2051 50.
544 2001 573 2040 ita
586 2007 717 2040 narrantem:

51 2078 108 2130 „Qui
122 2089 145 2115 ea
159 2074 246 2114 vidimus
265 2072 393 2113 mirabamur
407 2081 449 2114 tam
466 2073 518 2113 haee
533 2088 594 2127 quam
608 2074 648 2114 siin
664 2087 719 2114 com-

50 2151 110 2204 pium
127 2161 209 2190 morum
229 2148 271 2187 eius
291 2154 310 2185 ot
330 2148 429 2188 virtutum
446 2148 539 2201 insignia.
567 2149 612 2203 ipse
630 2163 719 2203 namque

50 2226 74 2263 in
94 2225 151 2264 omui
165 2223 245 2262 actione
267 2222 312 2269 iun,
332 2224 385 2274 quod
406 2233 426 2263 et
445 2226 534 2276 paganis
554 2225 617 2264 tande
632 2226 718 2276 dignum

51 2298 174 2348 videbatur,
195 2295 296 2352 quandam
315 2295 413 2349 sipiritu
432 2297 484 2349 soto,
504 2298 552 2350 (hoc
567 2300 624 2341 enim
643 2295 719 2352 potissi-

51 2385 109 2412 mum
124 2371 190 2422 credo)
212 2371 317 2411 cuiusdam
336 2370 443 2423 singularis
457 2374 585 2422 munditiae,
606 2382 676 2426 utque,
696 2380 718 2411 ut

52 2447 82 2486 ita
97 2445 195 2496 dixerim,
214 2445 311 2499 elegantis
330 2452 350 2482 et
367 2443 457 2485 urbanae
477 2447 596 2502 disciptinae
613 2459 720 2501 praeroga·

53 2519 118 2557 tivum
131 2519 230 2561 habebat:
244 2521 274 2560 ita
287 2528 310 2559 ut
324 2517 378 2559 nihil
392 2531 490 2572 umquam
504 2522 613 2572 indecens,
628 2529 663 2561 aut
676 2521 720 2558 ine·

52 2600 123 2646 ptum,
136 2591 292 2635 inhonestumve
312 2593 360 2648 quid
379 2593 473 2641 incito,
494 2604 529 2635 aut
542 2605 603 2650 potu,
619 2597 718 2640 [et-mone,

55 2666 109 2720 gestu
123 2665 155 2704 vel
167 2666 240 2707 habitu
263 2671 390 2715 admitteret3
410 2669 443 2708 [ed
458 2675 513 2710 ouini
530 2672 598 2711 officio
613 2671 720 2710 'exterioris

53 2739 155 2789 hominis,
171 2753 272 2793 quaenam
287 2744 333 2783 estet
349 2742 466 2798 compositio
481 2745 585 2785 interioris
601 2745 722 2792 ostendebat,

53 2814 154 2866 bonitate,
169 2815 276 2868 disciplina
290 2826 309 2856 et
323 2817 444 2870 prudentiae
460 2820 538 2860 cautela
553 2819 696 2874 conspicuum⁶
