1641 3011
442 84 487 131 128

131 212 176 276 qui
182 208 421 274 hucusquesemper
433 208 580 272 restiterant,
593 224 616 261 et
624 223 675 261 tota
685 212 795 275 denique

130 309 197 346 terra
213 296 320 362 pronior
335 292 418 354 steret,
436 293 487 343 dux
501 297 597 359 optime
607 300 638 349 ad
648 316 701 348 rem
712 296 793 346 facere

131 384 266 432 arbitratus
278 380 324 441 est,
343 381 485 439 sicomitia,
508 382 536 429 iu
554 385 648 447 quibus
665 382 710 436 res'
721 384 796 435 Chri-

132 469 223 520 stianae
245 479 443 534 peragerentur,
472 467 593 521 Usedouti
613 471 728 521 iubenda
756 472 795 518 in·

132 555 233 604 diceret.
267 555 307 605 Ad
322 573 385 621 quae
403 556 564 613 celebranda,
582 570 663 619 quum
673 558 796 628 victiLu-

131 629 251 692 titiorum
271 643 414 709 principes,
438 643 656 710 Gutzegovienfis,
682 643 797 692 Demmi-

133 729 230 789 nensis,
248 729 305 786 alii,
326 727 511 787 convenissent,
530 731 629 781 Othone
641 741 665 779 et
677 726 798 780 Iusinensr

134 815 253 883 episcopo
267 814 405 864 Adasberto
423 813 590 874 adstantibus,
613 816 665 883 ipse
677 816 729 865 dun
743 820 799 863 ver-

131 903 164 952 ba
176 897 259 948 fecisse
270 897 420 963 perhibetur
434 897 480 960 ¹⁶9).
515 903 545 949 ln
557 919 606 965 qua
621 903 664 951 sua
676 903 798 959 oratione,

131 996 210 1056 prout
221 1003 250 1034 ex
262 984 365 1034 servatis
379 984 536 1050 fragmentis,
554 986 604 1043 sed,
616 988 707 1051 passim,
719 998 748 1034 ut
760 989 799 1035 vi-

133 1072 221 1129 detur,
240 1072 367 1137 corruptis
382 1073 436 1135 17⁰),
454 1071 570 1121 divinare
582 1071 653 1129 licet,
669 1072 740 1120 sume
752 1073 799 1120 im-

133 1157 225 1227 primis
239 1158 284 1207 fibi
297 1156 374 1220 finem
386 1156 542 1224 proposuisse
553 1158 663 1218 videtur,
680 1168 709 1207 ut
722 1159 800 1208 Otho-

134 1261 194 1295 nem
212 1243 346 1303 omnibus,
364 1246 410 1310 qui
426 1254 498 1293 antea
514 1245 619 1311 apostoli
634 1246 699 1295 inter
712 1249 801 1296 Pome-

135 1378 287 1389 ,...-.-.---

189 1464 233 1514 169)
249 1460 377 1514 „Statimque
394 1459 450 1514 [dun]
466 1460 560 1514 generale
573 1460 690 1516 principum
702 1463 761 1514 regni
771 1463 802 1501 sui

135 1537 262 1591 colloquium
281 1537 304 1575 in
324 1536 395 1575 eodem
415 1537 460 1575 loco
479 1535 563 1586 indixit,
582 1534 619 1574 ubi
634 1536 802 1576 convenientibus

136 1608 260 1652 Timinensis
290 1610 375 1648 civitatis
406 1597 531 1661 asiai-umque
558 1608 642 1647 urbium
672 1609 802 1660 primoribus,

137 1686 248 1737 (Anonym.
265 1681 385 1730 CanisiiI,
396 1695 414 1733 5.
429 1695 474 1736 pag¹
487 1692 517 1732 75.
532 1682 635 1730 „Berones
651 1695 673 1721 ac
688 1684 803 1734 capitaneos

135 1759 198 1799 totius
217 1758 334 1809 provinciae
353 1770 376 1795 ac
394 1757 506 1808 praefectos
521 1757 639 1794 civitatum“
659 1756 761 1809 appellat.)
774 1758 804 1795 so-

133 1829 214 1889 pienter
238 1843 271 1872 eos
294 1831 318 1872 ad
342 1831 491 1885 suscipiendum
513 1829 637 1869 Christianae
658 1830 707 1871 fidei
730 1832 803 1885 iugum

135 1908 278 1964 prouocabat‘f
306 1907 369 1947 Andr.
385 1906 474 1945 Gretser.
494 1906 547 1957 apud
564 1905 607 1944 Sur.
622 1905 659 1956 HI,
673 1919 692 1956 4.
711 1896 755 1959 pag.
771 1909 802 1947 62.

135 1985 159 2024 cs.
174 1980 302 2037 Hasseshaast
319 1981 430 2038 Saatrlscstr.
445 1994 487 2034 pag.
504 1988 548 2027 ross.

191 2060 235 2109 170)
251 2056 315 2096 Ducis
337 2057 453 2095 orationem
468 2054 558 2093 Andreas
574 2052 665 2092 Gretseri
685 2053 731 2092 sistit
751 2054 804 2107 apud

134 2114 219 2174 Surium
233 2130 269 2176 ΙΙΙ,
284 2140 302 2180 5.
318 2141 362 2181 pag.
379 2128 413 2172 623
429 2127 469 2175 sed,
485 2140 547 2179 quum
559 2126 622 2165 nimis
636 2134 717 2178 poetam
731 2128 801 2180 sapiat,

131 2220 205 2262 neque,
216 2228 242 2235 -—
253 2206 319 2244 Anon.
330 2201 398 2242 Canis.
405 2201 441 2251 Hs,
451 2215 469 2252 5.
480 2215 499 2254 p.
510 2213 542 2252 75.
552 2209 571 2240 et
581 2201 643 2241 tason.
655 2203 717 2242 Andr.
729 2218 747 2257 p.
755 2214 801 2255 528.

133 2283 167 2333 [of.
182 2279 248 2320 Metu.
263 2292 283 2330 p.
300 2279 351 2327 155.)
367 2275 482 2325 etiamsed
497 2289 559 2327 aeque
576 2275 679 2329 suspectae
695 2277 743 2316 fidei
758 2278 802 2332 supa

132 2353 277 2413 peditantibus
292 2375 317 2382 —-
331 2352 385 2392 inter
398 2351 418 2392 se
432 2350 561 2391 consentiant
575 2351 687 2404 scriptores,
701 2364 745 2401 nos,
760 2361 802 2392 tam

133 2433 158 2473 in
171 2431 211 2470 hac
226 2427 283 2468 ducis
298 2426 394 2467 orationis
409 2427 510 2479 epitome,
533 2438 593 2478 quam
607 2428 629 2464 in
648 2427 705 2465 omni
720 2430 803 2466 concin-

135 2505 204 2556 nanda
218 2499 387 2542 Usedomensium
404 2501 537 2541 comitiorum
551 2499 645 2546 historia.
660 2501 701 2540 sete
716 2501 804 2541 Kantio-

135 2583 193 2621 vium
208 2582 233 2633 (p.
250 2590 287 2628 117
301 2576 349 2630 sqq.)
364 2577 429 2617 secuti
443 2577 523 2621 sumus,
544 2576 611 2612 nativa
626 2575 712 2627 quadam
727 2576 803 2628 simpli-

137 2653 207 2693 cissimi
228 2650 321 2692 candoris
340 2652 453 2699 venustate,
473 2649 528 2688 haud
549 2651 722 2701 contemnendam
742 2650 804 2702 fidem

136 2738 183 2777 prae
196 2726 215 2763 se
228 2726 335 2765 serentem.
365 2762 367 2766 ,
